2400 3840
360 199 441 248 usu.
457 199 548 249 mrsu.
565 200 662 248 xxux.
680 199 706 250 1.
724 197 751 250 a.
767 196 807 263 (a.
822 191 864 258 9.)
1043 185 1102 248 211

112 355 186 414 baec
203 353 238 415 ad
253 354 430 431 singulorum
441 352 563 413 salutem
579 353 739 432 pertinent,
757 354 807 413 illa
820 361 914 413 autem
929 369 1004 429 quae
1018 353 1108 412 timuit

114 436 186 498 Ceto
200 447 285 515 atque
300 437 437 515 providit,
453 436 651 496 innocentiora
661 435 749 498 multo
765 445 794 497 et
806 453 896 515 parva
908 436 1106 514 opinatuquae

114 539 254 600 proceres
266 523 336 581 artis
351 522 413 581 eius
427 519 463 598 de
478 527 570 580 semet
583 520 640 598 ipsi
652 520 807 597 fateantur,
821 520 871 580 illa
887 518 1041 598 perdidere
1056 519 1106 577 im·

112 607 300 683 perimeres,
314 604 363 666 illa
377 621 452 682 quae
463 605 525 664 sani
535 605 664 682 patimur,
680 603 812 681 luctatus,
827 612 974 664 ceromata
990 620 1044 662 ceu
1057 619 1106 662 va·

89 688 241 749 elitudinis
260 705 346 748 causa
362 688 504 764 instituta,
516 686 650 748 balineae
667 686 802 748 ardentes
818 686 920 766 quibus
934 702 1107 764 persuasere

112 775 141 832 in
159 770 332 850 corporibus
348 770 437 834 cibos,
450 772 536 849 coqui
550 779 581 830 ut
597 788 682 830 nemo
698 789 757 832 non
769 773 860 832 miuus
875 770 987 831 validus
1002 770 1106 844 exiret,

110 853 362 918 oboedientissimi
375 871 447 913 vero
467 853 655 930 efferrentur,
680 859 768 934 potus
780 855 883 916 deinde
898 855 1058 914 ieiunorum
1073 871 1108 913 ac

112 939 285 1000 vomitiones
301 946 330 999 et
351 955 450 998 rursus
466 939 686 1016 perpotationes
701 957 736 999 ac
753 939 875 1017 pilorum
891 938 1012 998 eviratio
1029 936 1107 996 insti·

112 1032 170 1083 tuta
184 1023 289 1084 resinis
307 1039 416 1099 eorum,
431 1022 557 1098 itemque
574 1022 705 1099 pectines
717 1024 746 1081 in
756 1022 870 1083 leminis
886 1022 1000 1102 quidem
1015 1019 1107 1100 publi·

76 1109 178 1170 iocati.
210 1109 246 1167 ita
262 1114 307 1167 est
323 1106 469 1184 proiecto,
487 1104 551 1164 lues
569 1121 696 1181 morum,
717 1122 773 1164 nec
786 1106 900 1165 aliunde
914 1107 1005 1165 maior
1022 1121 1105 1183 quam
1116 1113 1149 1169 at

113 1189 303 1266 emedieina,
324 1198 422 1248 vatem
444 1204 565 1265 prorsus
589 1187 695 1247 cotidie
710 1188 781 1248 lacit
797 1187 935 1248 Catonem
956 1198 985 1248 et
1006 1207 1107 1249 oracu-

113 1273 186 1333 lum:
229 1274 323 1332 satis
353 1288 440 1330 esse
467 1271 619 1346 ingenia
646 1269 866 1331 Graecorum
893 1273 1106 1350 inspicere,

112 1372 182 1415 non
208 1354 441 1432 perdiscere.
477 1352 558 1413 llaec
579 1353 686 1413 luerint
707 1352 829 1415 dicenda
856 1370 910 1434 pro
934 1363 1034 1414 senatu
1054 1354 1151 1420 illone

113 1438 318 1514 sexcentisque
333 1436 434 1515 populi
447 1436 568 1497 Romani
584 1436 814 1497 annisadversus
828 1439 956 1498 artemio
968 1455 1023 1514 que
1040 1454 1108 1496 con·

77 1522 221 1588 reditione
236 1521 454 1581 insidiosissima
469 1521 669 1580 auctoritatem
684 1521 818 1600 pessimis
839 1520 907 1580 boni
928 1521 1051 1594 iaciunt,
1071 1521 1107 1580 si·

113 1604 170 1665 mul
193 1612 293 1665 contra
313 1604 448 1665 attonitas
470 1603 647 1682 quorundam
668 1605 873 1683 persuasiones
896 1606 943 1682 qui
966 1603 1109 1682 prodesse

112 1689 166 1747 nisi
178 1690 308 1767 pretiosa
319 1706 377 1748 non
388 1696 496 1765 putant.
517 1705 612 1767 neque
624 1689 698 1749 eninr
709 1688 898 1749 dubitaverim
913 1687 1017 1765 aliquis
1030 1687 1108 1749 iasti-

113 1772 161 1832 dio
179 1772 273 1832 futura
289 1789 363 1850 quae
379 1771 508 1832 dicentur
522 1773 668 1851 animalia,
690 1781 717 1832 at
731 1788 789 1832 non
803 1772 935 1848 Vergilio
952 1771 1004 1831 luit
1018 1775 1108 1832 nomi-

112 1873 181 1916 nare
198 1856 335 1916 formicas
347 1854 425 1916 nulla
440 1858 617 1917 necessitate
629 1865 657 1917 et
673 1857 855 1917 curculiones
870 1874 905 1917 ae
926 1855 1109 1932 lucifugis

77 1949 298 2016 socongesta
325 1939 465 1999 cubilia
488 1939 638 2017 blattis,
670 1958 728 2000 nou
749 1939 876 1999 Homero
898 1941 973 1998 inter
996 1940 1108 2016 proelia

112 2024 231 2084 deornm
245 2021 448 2100 inprobitatem
462 2040 578 2082 muscae
594 2022 771 2099 describere,
784 2041 843 2083 non
854 2031 972 2082 naturae
984 2022 1108 2098 gignere

112 2110 177 2181 ista,
196 2124 258 2165 cum
276 2106 378 2181 gignat
397 2104 551 2165 bominem.
578 2104 705 2185 proinde
727 2124 828 2166 causas
847 2106 969 2184 quisque
992 2113 1021 2164 et
1038 2105 1107 2164 elle·

114 2199 188 2263 ctus,
203 2206 261 2248 non
275 2206 323 2248 res
338 2190 478 2248 aestimet.

177 2273 239 2351 (9.)
263 2271 412 2332 Ordiemur
427 2284 520 2334 autem
537 2290 553 2333 a
569 2272 730 2351 confessis,
748 2273 805 2334 boc
819 2282 865 2334 est
882 2273 955 2334 lanis
970 2273 1104 2353 ovisque,
1117 2283 1151 2338 29

78 2378 104 2418 aa
115 2355 208 2416 obiter
222 2364 252 2416 ut
264 2356 353 2417 rebus
370 2357 535 2436 praecipuis
546 2356 640 2418 bonos
652 2358 681 2417 in
693 2359 792 2436 primis
804 2357 999 2436 perhibeatur.
1020 2374 1107 2434 quae-

114 2440 177 2500 dam
194 2440 279 2500 etiam
295 2441 338 2499 sic
353 2440 456 2499 alienis
472 2440 563 2516 locis,
590 2449 686 2500 tamen
701 2440 796 2500 obiter
818 2440 874 2500 dici
896 2439 1020 2500 necesse
1041 2441 1106 2500 erit.

113 2541 169 2583 nec
182 2521 283 2582 deerat
297 2523 418 2583 materia
433 2540 568 2600 pompae,
585 2524 609 2582 si
625 2525 777 2601 quicquam
794 2523 869 2583 aliud
886 2524 989 2582 intueri
1002 2522 1109 2583 liberet

114 2623 199 2684 quam
215 2605 299 2665 iidem
315 2605 432 2682 operis,
450 2607 558 2683 quippe
575 2605 650 2664 inter
669 2608 759 2684 prima
775 2604 896 2684 proditis
912 2607 997 2664 etiam
1015 2623 1053 2665 ex
1068 2607 1107 2665 ci·

113 2706 183 2747 nere
197 2686 350 2766 phoenicis
366 2687 493 2765 nidoque
509 2688 675 2764 medicinis,
699 2707 752 2749 ceu
773 2707 844 2749 vero
860 2689 888 2747 id
904 2698 1014 2748 certum
1029 2698 1109 2749 esset

78 2793 105 2835 ao
114 2780 200 2849 atque
216 2787 274 2829 non
289 2769 462 2832 fabulosum.
504 2771 629 2831 inridere
654 2780 698 2831 est
716 2773 794 2833 vitae
814 2773 870 2832 iam
892 2772 1020 2834 remedia
1040 2781 1109 2852 post

113 2854 292 2915 millesimum
314 2872 415 2915 annum
434 2854 561 2916 reditura
584 2864 754 2916 monstrare.
797 2856 827 2917 2.
849 2855 934 2917 Lenis
955 2858 1152 2920 auctorita-30

114 2948 171 2999 tem
186 2948 303 2999 veteres
312 2939 433 3000 Romani
449 2941 532 3000 etiarn
544 2939 710 3017 religiosam
721 2939 851 3001 habuere
865 2943 958 3019 postis
973 2940 1107 3002 enuben-

113 3022 189 3098 tibus
204 3023 304 3100 attiogi
324 3022 474 3101 iubentes,
495 3033 671 3104 praeterque
694 3025 798 3085 cultum
822 3033 851 3084 et
867 3026 984 3086 tutelam
1008 3032 1108 3085 contra

114 3107 225 3183 frigora
244 3106 362 3167 sucidae
380 3108 508 3185 pluruma
523 3116 672 3186 praestant
694 3109 822 3168 remedia
843 3127 881 3168 ex
897 3108 964 3169 oleo
981 3109 1108 3183 vinoque

80 3201 105 3242 tt
118 3199 165 3249 aut
180 3198 280 3267 aceto,
303 3200 389 3268 prout
405 3207 537 3268 quaeque
552 3190 674 3251 mulceri
689 3193 852 3253 morderive
868 3210 943 3271 opus
963 3191 1000 3250 sit
1015 3199 1043 3249 et
1059 3187 1107 3247 ad·

116 3276 216 3351 stringi
230 3274 377 3349 laxarive,
399 3273 503 3334 luxatis
520 3273 655 3335 membris
673 3275 895 3353 dolentibusque
913 3274 1010 3334 nervis
1025 3274 1107 3350 inpo-

116 3358 188 3416 sitae
204 3366 233 3417 et
248 3357 353 3417 crebro
371 3357 517 3417 subfusae.
547 3342 660 3436 quidam
677 3361 762 3420 etiam
778 3360 867 3418 salem
887 3358 1043 3417 admiscent
1065 3355 1106 3415 lu·

115 3441 206 3516 natis,
227 3440 274 3501 alii
297 3458 362 3501 cum
379 3440 444 3501 lana
458 3449 550 3501 rutam
564 3442 657 3501 tritam
672 3441 844 3522 adipemque
865 3444 1023 3585 iuppquut,
1039 3440 1115 3498 item
