2400 3840
271 195 351 242 unu.
374 193 465 244 mer.
488 193 613 242 xxvm.
630 190 716 244 s-—o
740 180 893 259 (lt-18.)
1024 181 1083 244 1-67

93 369 172 419 aure.
209 351 234 408 si
249 349 348 408 tussim
365 349 490 408 concitet
507 346 608 423 salise,
623 347 653 405 in
667 345 763 405 ironte
786 344 822 405 ab
844 346 902 408 alio
917 345 1031 422 adllari,
1058 347 1084 406 si

95 436 189 494 iaceat
204 451 273 509 uva,
294 434 433 492 verticem
455 448 553 490 morsu
567 430 686 490 alterius
702 429 855 508 suspendi,
881 432 909 490 in
928 430 1084 489 cervicium

95 517 224 577 dolorem
242 514 369 594 poplites
385 515 490 577 iricare
506 522 556 574 aut
567 514 711 573 cervicem
725 515 754 573 in
768 512 918 592 poplitum.
947 511 1039 591 pedes
1053 513 1082 572 iu
1092 523 1124 578 61

94 600 178 659 humo
193 598 312 677 deponi,
327 600 351 656 si
366 597 448 660 nervi
462 600 490 657 in
504 597 549 657 bis
565 592 733 657 cruribusve
749 594 901 656 tendantur
916 597 944 654 in
964 594 1083 672 lectulo,

67 693 141 743 saut
160 683 185 742 si
204 684 234 741 in
253 683 337 741 laeva
360 690 442 762 parte
463 681 491 742 id
508 679 634 757 accidet,
658 681 792 740 sinistrae
813 679 929 759 plautae
947 678 1085 758 pollinem

93 766 195 827 dextra
209 783 291 825 mauu
306 764 500 843 adprehendi,
523 765 591 825 item
606 783 624 825 e
639 762 765 824 diverso.
801 766 997 825 extremitates
1019 780 1083 822 cor·
1106 779 1110 789 ’

94 851 173 928 poris
194 847 352 909 velleribus
372 849 528 928 perstringi
546 856 645 908 contre
661 847 801 907 horrores
818 849 950 927 corporis
971 847 1084 924 sangui·

93 951 196 992 nemve
210 933 317 993 uarium
328 932 517 1008 inmodicum,
537 931 595 990 lino
618 930 665 990 vel
682 948 794 1010 papyro
810 933 952 1011 principia
974 932 1085 1008 genita·

93 1015 176 1093 limn,
196 1016 287 1076 lemur
301 1016 426 1076 medinm
440 1016 476 1076 ad
500 1013 660 1075 cobibeude
683 1017 782 1075 urinae
805 1017 961 1094 prolluvia,
979 1017 1009 1075 in
1024 1024 1084 1076 sto·

58 1120 84 1163 ro
93 1100 186 1160 machi
197 1101 340 1160 solutione
353 1097 445 1177 pedes
456 1115 592 1177 pressare
599 1105 648 1157 aut
658 1116 757 1158 manus
768 1101 797 1157 in
811 1098 971 1160 lerventem
982 1117 1086 1178 equam

94 1184 213 1244 demitti.
254 1185 310 1242 iam
337 1191 366 1242 et
392 1183 519 1242 sermoni
541 1182 621 1260 parci
643 1181 738 1240 multis
768 1181 806 1241 de
834 1185 929 1242 causis
954 1183 1079 1242 salutare
1091 1192 1125 1248 62

94 1275 148 1326 est.
178 1267 301 1326 triennio
315 1265 514 1325 Maecenatem
527 1263 676 1324 llelissum
693 1266 858 1342 accepimus
872 1265 1015 1325 silentium
1030 1264 1085 1324 sibi

92 1349 283 1427 imperavisse
304 1365 321 1406 a
345 1346 538 1407 convolsione
558 1345 671 1406 reddito
693 1350 843 1423 sanguine.
874 1365 938 1406 nam
961 1365 1085 1416 eversos

93 1431 315 1510 scandentisque
341 1447 377 1489 ac
405 1431 526 1490 iacentis
551 1431 575 1489 si
603 1430 670 1508 quid
694 1431 808 1507 ingruat
831 1439 989 1508 contraque
1010 1430 1085 1495 ictus

57 1536 82 1579 1⁵
93 1517 222 1594 spiritum
242 1511 380 1573 cohibere
395 1513 550 1591 singularis
571 1513 697 1591 praesidi
721 1520 782 1588 est,
804 1513 882 1593 quod
900 1514 1043 1581 inventum
1064 1531 1082 1574 e,
1094 1530 1129 1569 ua

93 1617 160 1659 esse
184 1597 314 1658 animalis
337 1597 495 1657 docuimus.
534 1594 654 1658 Clavem
675 1598 802 1657 ferreum
824 1596 954 1674 deligere
977 1599 1005 1655 in
1026 1604 1129 1675 quodi

92 1684 159 1743 loco
189 1682 309 1761 primum
333 1690 421 1760 caput
448 1682 543 1742 fixerit
569 1699 712 1741 conruens
739 1681 840 1741 morbo
872 1680 1007 1741 comitiali
1036 1679 1085 1740 ab·

91 1766 260 1827 solatorium
279 1767 341 1825 eius
361 1766 428 1827 meli
448 1767 560 1827 dieitur.
593 1774 692 1825 contre
713 1767 822 1826 renium
844 1773 891 1824 aut
913 1763 1085 1840 lumborum,
1179 1793 1183 1797 ·

92 1853 208 1911 vesicae
225 1851 371 1910 cruciatus
382 1851 411 1911 in
426 1849 603 1911 balinearum
616 1849 699 1909 soliis
712 1866 822 1928 pronos
837 1847 1085 1908 urinamreddere

54 1953 83 1994 eo
92 1935 293 2011 mitigatorium
309 1931 442 1993 babetur.
471 1933 593 2006 volnera
610 1932 688 1993 nodo
706 1932 839 1992 Herculis
856 1930 1020 2008 praeligare
1034 1931 1085 1989 mi·

91 2036 153 2076 rum
169 2025 302 2095 quantum
319 2017 402 2076 ocior
418 2016 560 2075 medicina
576 2023 637 2088 est,
660 2024 747 2093 etque
768 2015 853 2074 etiam
870 2013 1005 2073 cotidiani
1022 2014 1081 2071 cin·
1093 2022 1129 2079 64

92 2110 155 2158 ctus
167 2099 217 2158 tali
235 2097 312 2158 nodo
327 2099 384 2156 vim
398 2097 539 2176 quandam
560 2097 670 2158 babere
687 2099 785 2157 utilem
805 2097 952 2170 dicuntur,
976 2096 1085 2173 quippe

93 2199 155 2242 cum
172 2181 381 2241 Herculaneum
398 2181 559 2260 prodiderit
579 2199 727 2242 numerum
742 2197 858 2260 quoque
874 2179 1084 2258 quaternarium

91 2264 254 2324 Demetrius
272 2264 388 2325 condito
401 2266 556 2342 volumine,
574 2273 603 2324 et
620 2283 710 2344 quare
727 2265 858 2344 quaterni
877 2263 972 2339 cyathi
990 2272 1084 2323 sexta·

54 2366 82 2408 es
92 2349 163 2407 riive
177 2365 235 2408 uon
251 2356 350 2409 essent
368 2347 495 2427 potandi.
517 2357 618 2408 eontra
635 2343 834 2427 lippitudinem
848 2356 928 2408 retro
945 2349 1022 2408 auris
1035 2348 1084 2407 iri·

92 2449 160 2492 care
176 2431 297 2510 prodest
312 2440 341 2491 et
357 2432 519 2493 lacrimosis
534 2431 627 2493 oculis
641 2431 774 2491 frontem.
803 2431 961 2507 Augurium
981 2449 1019 2491 ex
1033 2430 1085 2490 bo·

90 2516 167 2574 mine
187 2517 253 2592 ipso
275 2524 322 2574 est
343 2530 399 2574 non
420 2512 537 2573 timendi
558 2522 679 2572 mortem
701 2516 729 2572 iu
752 2512 931 2589 aegritudine
953 2513 1085 2591 quamdiu

92 2597 240 2656 oculorum
256 2596 383 2675 pupillae
397 2597 549 2672 imaginem
566 2594 694 2654 reddant.

156 2679 239 2758 (18.)
262 2679 368 2754 ldegna
384 2686 413 2738 et
427 2679 526 2738 urinae
541 2693 599 2737 non
611 2678 685 2739 ratio
700 2678 794 2739 solum
811 2679 864 2739 sed
880 2679 964 2738 etiam
978 2677 1129 2754 religioso:

51 2762 168 2843 soapud
182 2771 316 2822 auctores
335 2761 477 2820 invenitur
493 2761 624 2839 digestae
642 2764 672 2821 in
688 2780 814 2840 genera,
835 2761 994 2842 spadonum
1015 2780 1084 2841 quo·

91 2866 149 2928 que
166 2846 201 2907 ad
217 2842 399 2905 fecunditatis
411 2843 564 2907 beneiicie.
592 2863 694 2906 verum
706 2865 745 2906 ex
760 2846 806 2906 bis
821 2864 895 2926 quae
911 2846 1025 2906 referre
1040 2845 1084 2905 las

91 2933 128 2992 sit
144 2928 291 3009 inpubium
306 2946 463 3007 puerorum
478 2938 580 2991 contre
605 2929 712 2991 salivas
731 2929 861 3009 aspidum
877 2949 948 3009 quas
962 2929 1085 3008 ptyadas

90 3023 206 3090 vocent,
225 3015 358 3091 quoniam
372 3031 483 3074 venena
495 3015 524 3075 in
536 3013 642 3075 oculos
658 3013 801 3074 bominum
817 3023 967 3095 exspuent,
984 3021 1084 3073 contra

91 3097 242 3157 oculorum
253 3095 417 3172 albugines,
433 3095 637 3175 obscuritates,
656 3098 820 3173 cicatrices,
839 3115 968 3175 argema,
985 3095 1083 3174 palpe-

53 3179 201 3241 sereser
216 3197 279 3238 cum
294 3181 356 3238 ervi
371 3180 461 3240 lerina
473 3190 575 3240 contre
586 3181 763 3255 adustiones,
779 3191 880 3242 contra
893 3183 1002 3242 aurium
1015 3196 1086 3257 pura

90 3263 340 3341 vermiculosque,
365 3265 389 3321 si
411 3262 591 3342 decoquatur
608 3264 643 3323 ad
658 3263 788 3325 dimidies
803 3267 894 3343 partis
914 3282 977 3324 cum
996 3278 1084 3342 porro

91 3347 219 3424 capitato
231 3364 308 3406 novo
321 3347 410 3406 lictili.
436 3348 587 3424 vaporatio
601 3364 719 3425 qnoque
734 3365 769 3407 ea
785 3365 901 3407 menses
917 3346 1084 3406 feminarum

92 3429 160 3488 ciet.
193 3429 281 3509 Salpe
296 3430 377 3490 iovet
393 3429 443 3490 illu
458 3429 561 3490 oculos
576 3429 715 3490 firmitatis
730 3447 827 3504 causa,
842 3429 933 3489 inlinit
941 3429 1006 3492 sole
1019 3437 1136 3487 astaco
