2400 3840
300 190 379 242 nnn.
395 191 484 239 nisu.
502 192 624 239 xxvun.
637 191 663 245 8.
682 193 707 246 9.
726 181 876 262 (oo-33.)
1025 185 1084 246 179

92 354 137 403 tur
151 342 271 420 bubulo,
287 346 378 403 minos
394 353 485 404 antem
496 345 575 404 inflat
590 345 791 424 quodcumque
812 347 973 408 decoctum.
998 364 1065 407 usus
1076 357 1128 414 125

92 429 178 488 lactis
192 426 228 486 ad
244 428 338 487 omnia
352 428 426 487 intus
444 428 622 505 exulcerata,
639 446 770 490 maxume
785 433 874 505 renis,
891 433 1028 501 vesicam,
1044 434 1084 491 in·

91 522 225 586 teranca,
247 511 351 587 faucis,
368 511 534 589 pulmones,
560 513 632 571 foris
655 516 793 589 pruritum
810 517 900 590 cutis,
918 515 1085 591 eruptiones

92 597 211 674 pituitae
222 597 284 672 poti
297 593 335 653 ab
353 593 533 654 abstinentia.
567 613 630 654 nam
645 606 676 655 ut
695 597 723 654 in
741 596 865 656 Arcadia
887 597 1022 657 bubulum
1042 597 1083 655 bi-

66 679 194 738 sberent
208 678 361 756 phthisici,
377 679 547 753 syntectici,
564 679 731 755 cachectae,
748 680 868 738 diximus
889 681 1041 740 iuratione
1059 699 1090 738 ss.
1103 695 1128 733 ss

89 763 253 822 herbarum.
287 769 353 820 sunt
367 761 443 819 inter
461 761 594 838 exempla
612 763 661 839 qni
677 764 815 822 asininum
833 761 959 824 bibendo
971 761 1084 822 liberati

90 849 145 905 sint
168 845 298 923 podagra
322 843 504 920 chiragrave.
537 844 641 903 medici
666 848 794 923 speciem
817 864 901 906 unam
927 844 1063 907 addidere
1077 853 1128 909 lid

90 930 175 989 lactis
190 927 347 1005 generibus
360 927 438 1006 quod
456 927 585 987 schiston
599 928 799 1006 appellavere.
822 928 850 988 id
869 931 899 989 lit
910 929 967 989 hoc
980 929 1082 989 modo:

93 1011 172 1071 fictili
191 1028 269 1070 novo
286 1011 383 1070 fervet
400 1012 548 1089 caprinum
570 1028 712 1085 maxume,
731 1014 876 1091 ramisque
892 1013 1023 1073 ficulneis
1038 1029 1083 1071 re·
1131 1021 1134 1026 ’

55 1119 81 1160 10
91 1095 221 1155 centibus
235 1096 374 1155 miscetur
386 1094 489 1155 additis
507 1093 626 1154 totidem
648 1096 759 1169 cyathis
771 1096 854 1154 mulsi
869 1107 939 1175 quot
955 1098 1011 1156 sint
1034 1095 1083 1154 he·

91 1179 184 1237 minae
197 1178 290 1238 lactis.
315 1196 379 1236 cum
395 1178 500 1252 feruet,
517 1179 544 1236 ni
564 1178 805 1238 circumfundatur
819 1189 948 1256 praestat
964 1178 1083 1253 cyathus

91 1269 246 1337 argenteus
273 1279 336 1321 cum
356 1261 461 1339 frigida
485 1279 558 1338 aqua
580 1261 722 1320 demissus
742 1263 780 1320 ita
802 1280 838 1320 ne
861 1262 928 1339 qnid
945 1262 1084 1322 infundat.

91 1343 216 1404 ablatum
231 1344 335 1405 deinde
352 1346 412 1422 igni
430 1344 651 1421 refrigeratione
667 1342 799 1403 dividitur
815 1345 977 1405 etdisoedit
988 1362 1085 1404 serum

91 1448 107 1489 a
124 1428 210 1488 lacte.
241 1428 354 1507 quidam
374 1437 404 1488 et
423 1429 515 1505 ipsum
536 1445 631 1486 serum
651 1430 706 1487 iam
724 1427 813 1486 multo
837 1430 1063 1506 potentissimum
1075 1434 1126 1491 ΠΙ

56 1533 81 1572 15
92 1512 237 1570 decocunt
254 1510 290 1570 ad
304 1512 404 1570 tertias
417 1512 507 1589 partis
523 1519 552 1570 et
568 1511 620 1570 sub
636 1511 682 1570 diu
698 1511 880 1586 refrigerant.
912 1512 1020 1572 bibitur
1036 1529 1083 1570 au-

92 1605 150 1655 tem
165 1594 366 1653 efficacissime
383 1594 504 1654 heminis
518 1612 572 1673 per
589 1594 749 1672 intervalla,
767 1595 835 1653 satis
848 1595 948 1655 diebus
967 1597 1083 1674 quinae,

91 1678 193 1738 melius
209 1695 224 1736 a
240 1685 310 1755 potu
324 1680 444 1754 gestari.
474 1677 556 1737 datur
572 1679 772 1755 comitialibus,
787 1679 1015 1754 melancholicis,
1034 1696 1082 1756 pa·

91 1763 231 1838 ralyticis,
247 1763 275 1820 in
290 1761 389 1840 lepris,
406 1760 604 1840 elephantiasi,
620 1762 789 1822 articulariis
804 1763 921 1822 morbis.
944 1762 1128 1826 infundi-128

91 1859 137 1908 tur
153 1863 269 1925 quoque
286 1845 332 1905 lac
348 1855 447 1905 contra
468 1846 601 1904 rosiones
623 1865 638 1905 a
654 1846 872 1905 medicamentis·
884 1847 977 1906 factas
993 1856 1038 1921 et,
1061 1846 1085 1903 si

54 1949 82 1990 oo
94 1940 156 1990 urat
172 1929 338 2004 dysinteria,
354 1929 506 1988 decoctum
523 1947 585 1988 cum
599 1930 715 1989 marinis
730 1929 836 2006 lapillis
854 1940 901 1989 aut
916 1948 978 1989 cum
993 1931 1085 1988 tisana

91 2014 265 2073 hordeacea.
300 2015 366 2071 item
382 2011 418 2071 ad
433 2012 567 2071 rosiones
579 2014 777 2072 intestinorum
794 2012 928 2072 bubulum
950 2021 996 2072 aut
1012 2010 1083 2071 ovil-

92 2097 148 2155 lum
166 2097 269 2157 utilius.
300 2113 406 2155 recens
421 2110 537 2172 quoque
553 2096 735 2170 dysintericis
752 2095 917 2171 infunditur,
935 2096 970 2155 ad
990 2095 1084 2154 colum

93 2188 187 2238 autem
204 2181 332 2256 crudum,
352 2180 420 2238 item
436 2178 541 2239 volvae
558 2188 588 2238 et
610 2189 730 2260 propter
745 2181 921 2258 serpentium
942 2182 1015 2239 ictus
1032 2195 1083 2258 po·

94 2264 167 2320 tisve
180 2265 386 2343 pityocampis,
402 2262 543 2341 bupresti,
562 2263 754 2324 cantharidum
765 2271 813 2322 aut
824 2261 1021 2322 salamandrae
1034 2280 1083 2320 ve·

56 2367 84 2407 25
96 2347 187 2405 nenis.
210 2348 339 2424 privatim
357 2347 492 2408 bubulum
507 2346 551 2406 his
573 2348 621 2425 qui
637 2344 804 2407 colchicum
819 2346 943 2406 biberint
958 2354 1006 2404 aut
1028 2346 1065 2404 ci·
1077 2354 1126 2410 lue

94 2439 187 2489 cutam
207 2438 255 2488 aut
270 2430 435 2504 dorycnium
456 2439 505 2490 aut
524 2429 654 2508 leporem
675 2432 827 2505 marinum,
850 2431 923 2488 sicut
946 2429 1085 2487 asininum

94 2509 193 2573 co'utra
213 2529 336 2590 gypsum
364 2521 393 2572 et
418 2531 566 2573 cerussam
587 2523 616 2572 et
639 2514 739 2592 sulpur
764 2523 792 2574 et
812 2521 961 2589 argentum
976 2512 1083 2586 vivom,

93 2597 161 2656 item
177 2596 265 2656 durae
281 2595 347 2655 alho
363 2597 392 2654 in
408 2596 491 2656 febri.
526 2597 724 2673 gargarizatur
744 2614 861 2675 qnoque
881 2594 1011 2655 faucibus
1033 2613 1083 2653 ex·

92 2680 229 2739 ulceratio
253 2678 419 2752 utilissime,
439 2688 468 2738 et
483 2679 588 2739 bibitur
611 2679 646 2738 ab
668 2678 856 2740 inbecillitate
876 2680 945 2738 viris
966 2677 1082 2737 recolli·

56 2763 228 2840 cogentibus
243 2779 316 2841 quos
338 2761 476 2841 atrophos
494 2772 615 2838 vocant,
638 2764 665 2822 in
685 2761 761 2822 febri
783 2765 868 2823 etiarn
892 2780 965 2840 quae
987 2769 1085 2821 careat

93 2847 197 2906 dolore
225 2847 337 2925 capitis.
374 2849 472 2925 pueris
500 2857 565 2907 ante
593 2843 687 2906 cibum
711 2846 795 2906 lactis
816 2848 916 2906 asinini
943 2845 1084 2904 heminam

93 2930 164 3007 dari,
178 2938 225 2990 aut
244 2931 268 2989 si
287 2932 381 2989 exitus
400 2931 457 2998 cibi
471 2932 605 2991 rosiones
622 2931 775 3005 sentirent,
800 2930 906 3007 antiqui
923 2930 951 2987 in
969 2931 1082 2988 arcanis

91 3013 267 3089 habuerunt,
283 3015 307 3072 si
326 3014 383 3073 hoc
398 3031 454 3073 non
471 3022 564 3091 esset,
581 3014 700 3092 caprini.
731 3011 829 3072 bubuli
850 3030 944 3071 serum
966 3011 1127 3074 ertholdi)

92 3098 204 3176 pnoicis
217 3096 338 3174 prodest
349 3105 414 3155 ante
427 3107 522 3157 cetera
535 3096 631 3157 addito
644 3097 792 3156 nasturtio.
812 3099 983 3172 inunguntur
999 3096 1083 3154 etiam

57 3194 84 3235 ³⁶
95 3181 171 3241 oculi
188 3181 216 3239 in
232 3179 315 3239 lactis
331 3179 450 3238 heminis
464 3179 566 3240 additis
577 3197 707 3240 sesamae
725 3179 867 3240 drachmis
886 3187 1018 3258 quattuor
1035 3177 1082 3235 tri·

93 3266 131 3325 tis
153 3265 180 3322 in
202 3262 381 3342 lippitudine.
411 3265 528 3341 caprino
551 3264 643 3323 lienes
663 3273 815 3338 sanantur,
837 3271 905 3341 post
925 3261 1000 3322 bidui
1023 3264 1081 3319 ine-

94 3347 168 3407 diam
182 3349 267 3408 tertio
283 3347 330 3407 die
346 3345 454 3407 hedera
475 3348 566 3425 pastis
587 3348 700 3425 capris,
724 3365 776 3426 per
790 3346 912 3405 triduum
928 3354 997 3423 poto
1021 3346 1082 3402 sine

95 3430 152 3490 alio
169 3431 243 3491 cibo.
281 3431 365 3491 lactis
386 3447 454 3489 usus
469 3431 540 3490 alias
556 3431 716 3490 contrarius
733 3431 835 3508 capitis
852 3427 1094 3568 dpptpihuepxe-
