2400 3840
131 174 172 239 82
472 187 502 235 o.
517 188 613 235 111111
631 186 781 247 sncpnnr

113 351 214 421 parte
235 358 376 421 percussa
404 343 516 402 vertice
539 343 632 402 inciso
658 351 688 402 et
713 342 922 402 medicamento
950 341 1046 402 addito
1073 344 1122 403 ibi.

85 435 122 490 79
135 423 248 486 Gaetuli
267 426 314 503 qui
337 424 438 502 legunt
462 425 559 486 taedio
581 424 656 485 lacte
677 424 855 501 adulterant,
877 425 930 484 sed
949 424 1124 487 discernitur

130 510 201 586 igni,
224 509 253 569 id
277 509 353 569 enim
374 508 451 586 quod
470 511 614 568 sincerum
636 526 695 568 non
716 517 762 568 est
783 507 984 568 fastidiendum
1003 509 1123 569 odorem

130 591 225 652 habet.
267 591 387 651 blultum
408 592 481 651 inira
509 591 584 651 hunc
604 609 702 652 sucum
728 591 843 669 estqui
868 593 898 650 in
921 588 1012 651 Galba
1034 592 1065 652 bt
1086 612 1125 652 ex

130 675 222 735 herba
237 674 402 735 chamelaea
417 693 535 752 granum
550 677 631 735 cocci
647 677 771 736 ferente.
803 677 911 734 inactus
927 672 1122 736 hammoniaco
1137 697 1149 736 s

130 759 231 819 similis
255 767 316 835 est,
347 759 433 818 etiam
455 757 513 818 leui
535 767 620 835 gustu
643 776 677 818 os
698 776 850 818 accensum
868 757 915 817 diu
937 757 1070 819 detinens
1094 768 1124 818 et

130 844 221 920 inagis
240 860 278 902 ex
293 841 461 917 intervallo,
476 840 569 901 donec
587 842 677 901 laucis
694 859 810 919 quoque
827 843 926 900 siccet.

86 936 121 989 80
196 926 224 986 8.
247 925 328 1005 (39.)
349 921 518 984 celebravit
533 933 563 983 et
580 923 717 984 Themiso
734 923 862 984 medicus
886 923 1035 1002 uolgarem
1057 923 1122 985 her·

129 1009 194 1068 bam
215 1007 410 1085 plantaginem
433 1016 572 1085 tamquam
593 1009 729 1068 inventor
751 1006 896 1067 volumine
918 1007 954 1068 de
976 1026 1011 1069 ea
1032 1007 1120 1069 edito.

129 1091 186 1151 duo
205 1093 267 1151 eius
283 1108 409 1168 genera:
432 1093 526 1150 minor
544 1091 761 1168 angustioribus
782 1090 862 1151 loliis
884 1099 914 1151 et
931 1091 1120 1169 nigrioribus,
1132 1119 1158 1161 10

117 1174 245 1251 ‚linguae
262 1192 401 1252 pecorum
418 1174 580 1250 simillimis,
605 1174 687 1236 caule
704 1173 847 1252 anguloso
872 1175 900 1232 in
918 1183 1023 1233 terram
1042 1175 1121 1234 incli-

130 1266 209 1334 nato,
230 1259 259 1317 in
281 1259 371 1337 pratis
390 1276 522 1318 nascens.
556 1257 648 1319 altera
669 1260 773 1333 maior,
797 1257 875 1317 loliis
899 1257 1019 1317 laterum
1034 1258 1120 1319 modo

129 1340 249 1417 inclusa,
272 1360 345 1420 quae
368 1344 435 1420 quia
455 1350 578 1420 septena
597 1344 681 1419 sunt,
703 1341 816 1420 quidam
831 1358 894 1401 eam
909 1341 1122 1420 heptapleuron

128 1442 282 1486 vocavere.
320 1426 403 1485 huius
426 1434 457 1486 et
478 1425 612 1485 cubitalis
635 1425 724 1486 caulis
745 1432 791 1484 est
814 1432 843 1484 et
864 1427 938 1503 napi.
972 1426 1001 1483 in
1018 1424 1120 1484 umidis
1195 1476 1198 1485 .

128 1509 254 1570 nascitur
270 1509 360 1569 multo
376 1509 532 1570 efficacior.
564 1511 634 1568 mira
655 1511 699 1568 vis
717 1510 747 1567 in
763 1507 896 1568 siccando
913 1507 1119 1586 densandoque
1132 1524 1157 1565 rs

129 1609 266 1669 corpore,
287 1594 396 1652 canteri
419 1592 512 1652 vicem
529 1595 673 1669 optinens.
704 1590 781 1651 nulla
801 1609 959 1670 rosaeque
978 1590 1121 1651 sistitilu·

67 1712 69 1716 =
129 1677 243 1733 ctiones
259 1693 330 1752 quas
346 1673 449 1734 Graeci
466 1675 685 1735 rheumatismos
701 1682 815 1734 vocant,

85 1769 117 1822 81
192 1759 273 1836 (40.)
293 1758 424 1834 Iungitur
444 1758 509 1817 huic
529 1756 686 1834 buglossos
702 1758 789 1817 boum
807 1757 922 1835 linguae
940 1757 1052 1835 similis,
1074 1761 1119 1818 cui

127 1842 313 1918 praecipuum
335 1840 412 1918 quod
432 1842 461 1899 in
482 1842 578 1900 vinum
597 1840 711 1915 deiecta
731 1842 815 1900 animi
837 1842 1002 1919 voluptates
1021 1850 1118 1919 auget,

56 1967 57 1970 ,
128 1932 158 1983 et
175 1932 294 1984 uocatur
308 1923 530 2002 euphrosynum.
554 1923 635 2002 (41.)
648 1925 775 2002 iungitur
791 1932 820 1983 et
835 1924 1027 2003 cynoglossos
1044 1927 1154 1987 cani-ao

127 2026 191 2066 nam
206 2007 332 2084 linguam
352 2008 471 2084 imitata,
486 2009 618 2085 topiariis
635 2008 775 2086 operibus
790 2009 964 2084 gratissima,
981 2009 1118 2086 aiuntque

127 2110 202 2170 quae
219 2094 272 2151 tris
290 2091 407 2167 thyrsos
424 2092 542 2151 seminis
554 2093 646 2150 mittat
662 2093 724 2151 eius
740 2090 866 2150 radicem
881 2100 977 2170 potam
993 2110 1031 2150 ex
1045 2109 1118 2169 aqua

127 2174 162 2233 ad
183 2175 321 2235 tertianas
343 2175 498 2252 prodesse,
519 2192 593 2252 quae
612 2183 747 2252 quattuor
770 2172 805 2233 ad
822 2183 984 2252 quartanas.
1019 2173 1072 2234 Est
1089 2183 1118 2234 et

127 2257 182 2316 alia
199 2257 300 2317 similis
316 2260 343 2316 ei
362 2275 436 2335 quae
451 2257 509 2317 lert
531 2257 632 2336 lappas
653 2259 783 2316 minutas.
820 2259 881 2318 eius
896 2257 978 2318 radin
994 2265 1063 2335 pota
1079 2277 1117 2317 ex

127 2358 199 2419 aqua
216 2343 292 2400 ranis
311 2349 342 2400 et
357 2339 544 2418 serpentibus
560 2340 737 2400 adversatur.
1127 2359 1153 2398 11

81 2434 117 2487 82
189 2424 270 2504 (42.)
288 2421 342 2483 Est
358 2432 388 2484 et
402 2422 603 2502 buphthalmos
618 2423 719 2483 similis
735 2423 822 2482 boum
839 2423 942 2501 oculis,
957 2423 1029 2483 lolio
1045 2425 1118 2484 ieni-

126 2508 195 2585 culi,
211 2509 288 2567 circa
304 2507 411 2586 oppida
425 2525 559 2583 nascens,
574 2508 714 2568 fruticosa
730 2506 860 2567 caulibus
876 2509 924 2586 qui
940 2515 969 2566 ct
985 2506 1118 2567 mandun-

127 2600 173 2650 tur
188 2592 313 2652 decocti.
346 2592 458 2670 quidam
473 2590 599 2652 cachlam
613 2597 727 2652 vocant.
758 2589 830 2650 haec
848 2608 911 2651 cum
926 2608 993 2650 cera
1009 2598 1117 2650 steato-

125 2684 199 2734 mata
217 2676 342 2736 discutit.

188 2757 266 2836 (43.)
288 2758 432 2818 Invenere
449 2758 555 2818 herbas
572 2765 602 2816 et
616 2761 770 2817 universae
786 2765 901 2834 gentes.
925 2755 1043 2835 Scythia
1058 2760 1151 2839 pri-ao

125 2857 198 2900 mam
224 2858 286 2901 eam
310 2859 383 2918 quae
407 2841 542 2916 Scythice
565 2847 696 2916 vocatur,
723 2841 799 2899 circa
821 2838 960 2900 Maeotim
983 2858 1117 2917 nascens,

126 2921 312 3000 praedulcem
328 2923 399 2983 alias
416 2924 653 3000 utilissimamque
670 2921 705 2981 ad
717 2940 752 2982 ea
764 2941 838 3002 quae
851 2923 990 2983 asthmata
1002 2934 1115 2984 vocant.

125 3023 227 3082 magna
250 3015 280 3065 et
297 3025 331 3066 ea
348 3005 569 3082 commendatio,
594 3004 671 3084 quod
688 3008 785 3065 inore
804 3025 866 3066 eam
880 3006 1022 3067 habentes
1041 3009 1117 3068 sitim

126 3090 287 3168 famemque
302 3107 360 3149 non
376 3090 512 3149 sentiunt.

83 3185 118 3240 aa
181 3173 261 3252 (44.)
276 3173 355 3232 Idem
370 3171 583 3251 praestatapud
600 3170 719 3231 eosdem
730 3174 864 3253 hippace,
879 3172 1024 3251 distincta,
1038 3173 1115 3252 quod
1126 3185 1151 3227 tt

126 3259 156 3317 in
178 3259 261 3335 equis
283 3275 398 3335 quoque
423 3254 544 3326 eundem
568 3254 702 3315 ellectum
726 3255 847 3334 habeat,
877 3256 1047 3335 traduntque
1071 3257 1115 3316 his

126 3341 235 3402 duabus
255 3341 355 3402 herbis
378 3339 498 3417 Scythas
525 3341 610 3400 etiam
637 3341 665 3398 in
693 3339 843 3400 duodenos
866 3340 928 3400 dies
956 3339 1060 3400 durare
1087 3340 1115 3399 in

125 3426 200 3485 lame
216 3427 334 3504 sitique.
