2400 3840
313 192 392 239 man.
409 189 500 239 mer.
517 188 640 237 xxvm.
655 188 681 242 a.
705 185 853 252 (st-at.)
1025 184 1084 246 173

93 367 131 409 ex
147 365 222 427 equo
240 347 383 406 hominem
398 345 546 406 decidere.
579 353 607 404 at
621 346 646 404 si
660 345 688 404 iu
705 345 816 405 laevam
832 345 999 423 detorserit,
1015 347 1085 409 deli·

93 433 195 492 cientis
212 439 408 507 argumentum
425 447 493 489 esse
506 428 693 507 celeremque
709 438 866 506 capturam.
903 429 1018 491 facilius
1036 449 1084 490 an·

91 526 150 575 tem
173 515 253 594 capi,
279 515 304 572 si
325 515 436 572 cinctus
457 528 527 572 suos
548 523 670 573 venator
692 512 896 590 flagellumque
918 514 1087 591 imperitans

93 616 168 677 equo
185 599 314 676 septenis
329 596 503 674 adligaverlt
516 596 610 656 nodis.
640 613 727 673 mox,
751 604 782 655 ut
799 604 844 655 est
862 596 968 657 sollers
985 596 1081 658 amba·
1093 608 1129 663 94

67 708 80 748 5
92 682 176 760 gibus
192 682 302 741 vanitas
313 681 473 757 Magorum,
490 682 554 758 capi
566 679 664 740 iubent
678 681 857 757 geminorum
869 681 981 756 signum
996 690 1086 741 trans·

92 774 179 825 eunte
198 765 264 825 luna
286 763 476 842 singulosque
497 781 592 843 prope
613 765 689 842 pilos
710 765 831 824 servari.
866 765 970 842 capitis
991 764 1087 825 dolori

91 849 239 925 inligatam
257 857 349 908 cutem
370 847 512 927 prodesse
527 865 601 926 quae
618 847 748 907 fueritin
763 848 858 925 capite
873 849 945 906 eius.
971 847 1087 926 lippitu-

92 932 149 991 dini
167 932 207 991 fel
223 931 333 991 inlitum
347 930 490 991 frontibus
505 938 562 1005 aut,
581 948 617 990 ne
636 932 750 991 omnino
765 932 918 1010 lippiatur,
934 931 1087 990 decoctum

93 1034 156 1075 cum
170 1015 265 1075 mellis
280 1014 369 1076 Attici
385 1013 497 1089 cyathis
512 1013 604 1072 tribus
622 1023 651 1073 et
667 1015 747 1075 croci
761 1016 845 1074 uncia
861 1015 1021 1090 inunctum,
1044 1015 1088 1073 sic

56 1115 83 1159 10
93 1108 122 1159 et
138 1100 277 1176 caligines
294 1099 397 1158 discuti
413 1106 442 1157 et
458 1097 653 1156 subfusiones.
679 1097 836 1157 claritatem
852 1100 972 1157 excitari
985 1098 1088 1157 melius
1096 1108 1130 1162 95

92 1185 254 1243 inveterato
275 1182 504 1256 medicamento,
525 1179 674 1239 adservari
694 1188 787 1240 autem
800 1181 829 1238 iu
845 1179 952 1258 Cypria
970 1181 1087 1259 pyxide.

93 1267 195 1326 eodem
212 1265 307 1324 sanari
322 1280 450 1339 argema,
467 1262 629 1337 scabritias,
646 1263 849 1322 excrescentia
860 1265 889 1321 in
901 1263 1004 1341 oculis,
1020 1266 1088 1325 item

93 1349 263 1424 cicatrices,
279 1346 461 1423 glaucomata
483 1362 557 1405 vero
572 1347 700 1405 recentis
718 1345 855 1404 iocineris
871 1346 988 1405 inassati
1008 1348 1089 1406 sanie

93 1450 156 1492 cum
180 1429 352 1506 despumato
374 1428 462 1489 mello
487 1430 619 1488 inunctis.
649 1429 742 1488 dentis
759 1428 821 1487 eius
836 1427 961 1487 dentium
981 1428 1088 1488 dolori·

58 1516 146 1580 asbus
161 1523 237 1573 tactu
260 1512 404 1592 prodesse
425 1512 472 1572 vel
488 1511 631 1589 adligatos
652 1512 768 1588 ordine,
790 1529 905 1571 umeros
926 1528 1089 1570 umerorum

93 1607 123 1658 et
137 1598 313 1657 lacertorum
328 1595 488 1656 doloribus.
517 1596 645 1656 eiusdem
657 1596 759 1672 dentis,
774 1597 799 1654 si
814 1595 852 1655 de
867 1595 981 1655 sinistra
997 1604 1089 1674 parte,

93 1683 230 1759 inligatos
246 1681 365 1760 pecoris
386 1689 434 1739 aut
456 1681 537 1758 capri
557 1679 637 1756 pelle
653 1679 793 1739 stomachi
809 1677 992 1739 cruciatibus.
1025 1678 1086 1757 pul·
1098 1687 1132 1742 96

92 1782 194 1826 mones
214 1764 243 1823 in
270 1764 335 1824 cibo
360 1772 487 1842 sumptos
502 1763 658 1840 coeliacis,
686 1762 855 1823 ventriculis
877 1763 1002 1822 cinerem
1026 1779 1089 1821 cum

94 1850 161 1911 oleo
185 1848 310 1924 inlitum,
340 1850 438 1908 nervis
455 1846 596 1908 medullas
619 1866 636 1906 e
657 1847 746 1907 dorso
764 1865 827 1906 curn
847 1846 915 1906 oleo
932 1855 1033 1906 vetere
1054 1863 1089 1905 ac

57 1933 175 2008 salella,
196 1930 327 1991 febribus
344 1933 489 2009 quartanis
501 1932 583 1990 iocur
598 1931 779 2007 degustatum
800 1937 925 1989 terente
942 1929 1088 1988 accessio·

93 2034 161 2092 nes,
179 2014 317 2092 podagris
332 2016 434 2091 spinae
449 2015 576 2074 cinerem
591 2031 654 2072 cum
669 2013 765 2089 lingua
788 2021 817 2072 et
836 2013 939 2071 dextro
955 2011 1030 2090 pede
1048 2012 1089 2069 vi·

92 2099 144 2158 tuli
158 2098 258 2156 marini
274 2097 371 2157 addito
388 2097 459 2157 fella
475 2099 597 2172 taurino,
616 2097 709 2156 omnia
725 2098 832 2175 pariter
848 2104 931 2154 cocta
947 2104 1033 2173 atque
1048 2094 1089 2152 in·

93 2182 144 2241 lita
165 2179 297 2254 hyaenae
318 2180 408 2258 pelle.
438 2182 465 2239 in
491 2180 595 2240 eodem
618 2179 721 2240 morbo
745 2179 888 2259 prodesse
911 2186 940 2237 et
959 2177 1000 2237 fel
1026 2194 1089 2236 cum

94 2263 192 2342 lapide
207 2262 305 2323 Assio.
336 2263 477 2340 tremulis,
494 2265 641 2343 spasticis,
657 2262 856 2323 exsilientibus
873 2261 1019 2339 atquibus
1036 2269 1131 2326 corbt

59 2370 85 2410 aa
96 2347 218 2426 palpitet
233 2346 342 2427 aliquid
359 2365 397 2407 ex
413 2347 503 2408 corde
519 2357 632 2407 coctum
652 2347 841 2407 mandendum
856 2346 895 2403 ita
911 2354 940 2403 ut
958 2345 1090 2423 reliquae

93 2433 185 2512 partis
201 2432 271 2490 cinis
296 2449 359 2490 cum
379 2429 503 2491 cerebro
522 2430 653 2505 hyaenae
669 2430 811 2489 inlinatur.
844 2427 920 2505 pilos
936 2429 1021 2488 etiam
1042 2446 1090 2488 au·

93 2516 165 2575 ferri
181 2515 236 2573 hac
264 2515 467 2591 conpositione
496 2513 575 2573 inlita
592 2522 639 2573 aut
654 2531 707 2590 per
725 2528 757 2570 se
776 2511 865 2583 felle,
887 2510 996 2569 evolsis
1012 2510 1091 2586 prius

94 2614 168 2676 quos
183 2596 296 2655 renasci
310 2612 367 2653 non
383 2595 481 2654 libeat.
512 2598 554 2654 sic
576 2604 604 2653 et
625 2592 775 2673 palpebris
795 2591 902 2653 inutilis
917 2593 990 2651 tolli.
1021 2592 1092 2651 lum·'

94 2680 195 2739 borum
212 2677 361 2738 doloribus
379 2679 473 2737 carnis
489 2695 505 2735 a
522 2676 625 2736 lumbis
640 2675 768 2736 edendas
789 2675 1007 2754 inlinendasque
1028 2693 1091 2735 cum

58 2763 174 2828 acoleo.
199 2761 379 2821 sterilitatem
389 2760 538 2820 mulicmm
553 2759 698 2820 emendari
718 2759 804 2819 oculo
824 2776 887 2818 cum
907 2758 1092 2836 glycyrrhiza

95 2856 125 2908 et
140 2853 227 2906 aneto
250 2854 361 2922 sumpto
380 2846 409 2905 in
432 2843 514 2920 cibo,
537 2845 681 2924 promisso
702 2843 774 2904 intra
794 2842 915 2903 triduum
936 2852 1090 2923 conceptu.

95 2939 197 2990 contra
222 2939 381 2989 nocturnos
410 2945 536 3008 pavores
566 2926 785 3007 umbrarumque
807 2934 949 2987 terrorem
972 2946 1044 2987 unus
1072 2936 1135 2992 eae

93 3014 206 3090 magnis
222 3011 353 3072 dentibus
368 3012 427 3072 lino
441 3011 582 3089 adligatus
594 3029 767 3072 succurrere
781 3019 920 3071 narratur.
948 3011 1038 3070 suffiri
1049 3010 1090 3069 fu·

94 3097 186 3157 rentis
201 3096 304 3155 eodem
320 3104 349 3153 et
365 3095 555 3171 circumligari
572 3103 638 3155 aute
654 3104 757 3173 pectus
769 3113 850 3154 suum
866 3113 929 3154 cum
946 3095 1029 3172 adipe
1045 3111 1090 3152 re·
1122 3152 1125 3158 ,

59 3183 172 3242 sanium
191 3189 240 3239 aut
260 3178 389 3239 iocinere
411 3186 458 3236 aut
480 3177 558 3255 pelle
578 3179 768 3258 praecipiunt.
800 3178 911 3238 mulieri
930 3176 1051 3238 candida
1075 3194 1092 3235 a

97 3272 219 3343 pectore
237 3262 367 3337 hyaenae
384 3277 453 3320 caro
470 3268 499 3319 et
514 3260 565 3339 pili
579 3271 693 3340 septem
711 3271 740 3322 et
755 3261 883 3338 genitale
899 3261 990 3334 cervi,
1009 3260 1033 3318 si
1049 3259 1089 3317 in·

97 3348 223 3424 ligentur
238 3344 371 3406 dorcadis
388 3343 478 3423 pelle,
495 3344 573 3405 collo
588 3363 729 3423 suspensa
748 3347 897 3404 continere
909 3352 1007 3422 partus
1024 3359 1090 3420 pro·

96 3432 251 3490 mittuntur.
275 3446 411 3489 venerem
423 3427 570 3490 stimulare
581 3429 718 3505 genitalia
733 3428 767 3487 ad
781 3445 868 3487 sexus
880 3442 951 3488 suos
963 3425 1148 3483 immadem.
1167 3463 1170 3466 -
