2400 3840
164 160 225 220 210
500 171 530 219 c.
549 172 645 220 eamr
659 171 809 220 saccum

162 334 284 404 runtqne
300 343 395 385 rernm
409 334 526 385 naturae
546 327 637 403 pretia
653 335 681 385 et
695 327 771 386 vitae
786 334 964 403 argumenta.
991 327 1061 388 nihil
1076 329 1155 390 alind

118 419 154 471 20
165 427 218 488 pro
233 418 334 467 nostro
357 408 495 470 habemus
511 426 597 487 mam
614 408 743 469 delicias.
774 408 841 469 Non
862 410 995 470 deseram
1012 408 1155 472 Catonem

160 502 216 552 tam
232 491 401 552 ambitiosae
418 493 488 553 artis
507 492 630 552 invidiae
651 509 668 552 a
682 510 728 551 me
745 492 888 553 obiectum
909 503 957 552 aut
977 504 1106 555 senatum
1120 496 1154 555 il-

161 576 218 636 lum
236 578 285 654 qui
299 577 338 636 ita
355 575 503 648 censebat,
522 575 608 654 idque
629 593 687 636 non
701 575 867 637 criminibus
882 577 952 636 artis
967 577 1106 656 adreptis,
1124 586 1155 638 ut

160 659 264 737 aliquis
293 660 519 738 exspectaverit.
561 658 629 736 quid
653 659 727 718 enim
752 677 929 719 venenorum
953 660 1079 721 ieraoios
1106 671 1180 726 auto

159 742 234 802 unde
249 744 349 821 plnres
363 750 598 802 testamentorum
618 739 759 802 insidiae?
788 744 843 802 iam
864 760 935 802 vero
961 753 990 804 et
1012 744 1154 805 adulteria

160 826 245 886 etiam
261 828 289 884 in
312 827 470 904 principum
485 824 632 900 domibus,
654 835 685 885 nt
698 825 819 885 Eudemi
839 827 868 884 in
881 826 961 886 Livia
977 827 1063 887 Drusi
1079 825 1154 888 Cae·

116 920 147 973 21
162 911 246 986 saris,
265 909 333 968 item
350 908 481 968 Valentis
496 908 524 966 in
542 925 597 984 qua
612 908 717 968 dictum
733 918 778 969 est
798 909 908 985 regina.
941 926 998 969 non
1014 910 1070 970 sint
1084 913 1155 970 artis

127 992 139 1025 ⁸
158 994 212 1052 ista
228 991 280 1051 sed
294 990 448 1050 hominum.
474 1007 532 1049 non
546 992 638 1067 magis
652 991 726 1051 baec
740 992 804 1051 urbi
820 993 909 1051 timuit
920 989 1008 1068 Cato,
1025 1002 1055 1053 ut
1072 996 1154 1070 equi·

158 1075 223 1135 dom
239 1072 344 1149 credo,
365 1092 448 1153 quam
468 1074 594 1151 reginas.
630 1092 667 1133 ne
682 1077 828 1136 avaritiam
843 1075 958 1153 quidem
973 1080 1091 1153 arguain
1106 1093 1153 1136 ra·
1164 1096 1189 1136 aa

159 1158 299 1236 pacisque
316 1158 455 1218 nundinas
477 1157 667 1236 pendentibus
682 1159 748 1218 latis
772 1167 801 1216 et
817 1157 950 1218 dolorum
965 1159 1154 1219 indicaturam

158 1259 193 1300 ao
215 1242 315 1300 mortis
330 1258 425 1301 arram
442 1249 490 1301 aut
514 1259 618 1301 areana
641 1249 815 1320 praecepta,
845 1259 990 1319 squamam
1011 1242 1040 1300 in
1058 1242 1155 1302 oculis

160 1324 348 1385 emovendam
362 1325 553 1404 potiusquam
568 1323 781 1400 extrahendam,
796 1342 851 1403 per
867 1343 941 1403 quae
957 1325 1092 1385 ellectum
1108 1334 1154 1384 est

157 1417 187 1467 ut
209 1408 278 1468 nihil
299 1410 390 1486 magis
412 1409 554 1487 prodesse
574 1408 722 1468 videretur
745 1425 828 1485 qnam
849 1407 997 1467 multitudo
1016 1426 1153 1485 grassan-

114 1502 149 1554 22
160 1493 239 1552 tium.
261 1510 356 1570 neque
373 1495 447 1551 eninr
462 1491 555 1569 pudor
566 1491 619 1551 sed
631 1490 735 1551 aemuli
747 1491 839 1569 pretia
851 1489 1025 1551 submittunt.
1054 1501 1153 1551 notum
1163 1512 1187 1553 rs

127 1585 204 1635 mest
221 1575 257 1634 ab
274 1574 377 1633 eodem
393 1572 547 1634 Charmide
561 1593 643 1634 unum
661 1593 779 1651 aegrum
803 1592 840 1632 ex
857 1573 1082 1653 provincialibus
1094 1574 1152 1635 llS.

156 1659 287 1719 ducentis
301 1656 517 1730 reconductum,
529 1657 647 1717 Alconti
658 1657 807 1717 volnerum
822 1657 934 1717 medico
946 1656 1003 1717 its.
1021 1659 1154 1718 centiens

158 1748 234 1800 cent.
253 1739 311 1797 mil.
329 1739 461 1797 damnato
479 1739 622 1799 ademisse
642 1738 789 1800 Claudium
805 1741 981 1819 principem,
997 1740 1152 1819 eidemque

157 1825 185 1883 in
201 1821 292 1884 Gallia
311 1821 452 1881 exsulanti
474 1830 503 1881 et
519 1822 623 1882 deindo
645 1824 777 1883 restituto
795 1825 963 1901 acquisitum
980 1841 1038 1883 non
1059 1825 1153 1883 minus

113 1917 148 1970 23
157 1910 230 1967 intra
246 1913 355 1985 pancos
372 1922 473 1965 annos.
503 1915 533 1964 et
548 1904 623 1966 baec
638 1908 772 1985 personis
789 1907 962 1985 inpulsatur.
983 1925 1019 1966 ns
1035 1907 1186 1974 faecemao

156 1991 270 2069 quidem
292 1998 340 2050 aut
353 1989 494 2049 inscitiam
511 1991 574 2049 eius
596 1990 697 2049 turbae
713 2007 881 2067 arguamus,
902 1991 1030 2068 ipsorum
1052 1992 1152 2051 intem·

156 2075 312 2153 perantiam
328 2074 356 2132 in
371 2072 491 2148 morbis,
508 2090 644 2151 aquarum
661 2072 816 2133 calidarum
835 2073 1038 2148 deverticulis,
1060 2075 1152 2153 impe-

156 2158 234 2217 riosa
256 2156 351 2216 inedia
372 2165 402 2215 et
423 2155 459 2215 ab
486 2155 587 2215 iisdem
608 2155 809 2216 deficientibus
831 2156 897 2216 cibo
914 2157 1095 2236 saepiusdie
1110 2159 1152 2215 in·

156 2248 259 2316 gesto,
281 2238 359 2297 mille
375 2248 531 2316 praeterea
548 2240 740 2317 paenitentiae
755 2238 863 2314 modis,
888 2239 1045 2300 culinarum
1065 2240 1152 2300 etiam

156 2322 323 2401 praeceptis
339 2330 369 2380 et
385 2331 596 2399 ungnentorum
616 2325 762 2398 mixturis,
785 2322 899 2401 quando
917 2323 1009 2382 nullas
1024 2323 1188 2387 omisereas

112 2415 147 2468 24
158 2407 236 2464 vitae
252 2403 428 2466 inlecebras.
459 2405 556 2465 invehi
572 2408 741 2485 peregrinas
758 2407 863 2465 merois
879 2406 1084 2482 conciliarique
1100 2424 1151 2465 ex-

154 2498 235 2549 terna
252 2490 343 2568 pretia
357 2489 542 2568 displicuisse
559 2489 714 2551 maioribus
730 2488 902 2550 crediderim
920 2488 1070 2568 equidem,
1092 2506 1153 2548 non

154 2582 249 2633 tamen
264 2573 323 2633 boc
338 2572 477 2634 Catonem
498 2575 677 2653 providisse,
700 2591 764 2632 oum
784 2572 931 2633 damnaret
952 2581 1053 2632 artem.
1088 2571 1151 2632 the·

155 2660 234 2717 riace
252 2667 374 2717 vocatur
401 2658 568 2734 excogitata
594 2657 758 2735 conpositio
780 2657 920 2716 luxuriae.
950 2657 981 2715 lit
1002 2674 1040 2715 ex
1061 2654 1151 2714 robus

155 2741 318 2816 sexcentis,
340 2759 403 2800 oum
420 2749 463 2800 tot
478 2739 605 2801 remedia
622 2740 733 2800 dederit
754 2748 854 2800 natura
868 2756 944 2817 quae
960 2738 1075 2815 singula
1090 2737 1185 2798 sul-ao

155 2825 285 2883 licerent.
319 2823 529 2884 Mithradatium
545 2822 703 2883 antidotum
726 2840 763 2881 ex
779 2821 867 2882 rebus
884 2820 949 2883 le
964 2823 1150 2900 conponitnr,

153 2905 267 2965 interim
289 2907 368 2967 nullo
388 2907 519 2988 pondere
536 2905 651 2984 aequali
671 2914 701 2965 et
722 2904 897 2983 quarundam
912 2924 1007 2964 rerum
1023 2922 1150 2981 sexage-

156 2991 226 3049 sima
235 2989 335 3050 denari
345 2993 429 3052 unius
442 2993 593 3069 imperata,
607 3005 663 3066 quo
676 2988 803 3065 deorum,
816 3006 870 3067 per
885 2988 980 3063 iidem,
996 2988 1052 3048 ista
1068 3004 1150 3047 mon·

111 3073 283 3138 abstracte!
322 3074 466 3134 hominnm
491 3074 565 3133 eninr
592 3070 734 3131 subtilitas
759 3080 836 3132 tanta
865 3090 932 3131 esse
961 3089 1019 3131 non
1044 3071 1149 3150 potnit,

154 3158 309 3217 ostentatio
334 3159 403 3218 artis
427 3166 457 3216 et
473 3164 642 3235 portentosa
665 3156 804 3217 scientiae
823 3155 980 3215 venditatio
995 3155 1183 3214 manifestata

155 3249 209 3300 est.
241 3258 276 3301 ac
301 3259 338 3300 ne
357 3241 414 3320 ipsi
434 3239 548 3317 quidem
570 3239 620 3299 illa
638 3256 764 3317 novere,
786 3239 964 3317 conperique
979 3237 1072 3314 volgo
1093 3253 1148 3316 pro

155 3323 299 3384 cinnabari
314 3323 411 3383 Indica
433 3323 463 3382 in
480 3323 687 3384 medicamenta
706 3323 819 3383 minium
840 3320 905 3382 addi
926 3321 1039 3380 inscitia
1057 3321 1148 3379 nomi·

112 3406 191 3482 ab&
210 3408 265 3484 nis,
281 3405 359 3486 quod
370 3424 437 3466 esso
448 3405 766 3467 venenumdooebimus
781 3406 855 3466 inter
868 3406 1022 3483 pigmenta.
1045 3421 1148 3464 verum
