2400 3840
135 162 198 223 2⁰⁰
479 172 783 221 commiscum

136 329 197 388 licit
209 329 304 387 timum
313 326 448 387 bubulum
463 328 603 386 incinere
618 326 789 386 calefactum
798 337 846 386 aut
857 329 1005 406 caprinum
1020 329 1051 387 in
1060 344 1129 389 ace·-

137 421 169 472 to
186 412 234 471 vel
257 414 284 470 in
300 412 368 470 vino
383 410 553 484 decoctum,
568 412 597 468 iu
610 410 770 469 furunculis
784 410 886 470 sebum
903 410 1041 470 bubulum
1064 431 1131 472 cum

135 496 198 555 sale
212 504 269 571 aut,
284 496 310 554 si
325 494 444 553 dolores
460 496 531 568 sint,
553 512 618 552 cum
631 494 700 553 oleo
714 494 900 571 liquefactum
913 495 976 553 sine
987 495 1069 573 sale,
1091 498 1127 556 si·

93 579 214 645 23ὸηίΙί
227 578 313 637 modo
332 581 488 656 caprinum.
510 578 595 655 (71.)
617 577 646 634 in
666 576 804 636 ambustis
823 580 939 637 ursinus
959 577 1044 656 adips
1064 596 1128 639 cum

135 662 177 722 lili
195 661 357 737 radicibus,
378 680 516 738 apmnum
533 669 581 719 aut
595 660 708 719 suillum
723 661 817 720 limum
834 663 1041 737 inveteratum,
1066 677 1150 721 sset

135 754 226 805 tarum
240 765 278 805 ex
295 746 340 804 bis
356 764 374 804 e
387 745 532 821 penicillis
546 745 676 802 tectoriis
692 746 765 803 cinis
780 761 845 802 cum
857 744 943 823 adipe
961 747 1061 821 tuitus,
1078 744 1129 805 tali

136 829 234 888 bubuli
254 830 327 887 einis
348 846 413 886 cum
433 846 503 887 cera
525 835 555 886 et
572 826 697 886 medulla
718 829 836 887 cervina
854 828 903 887 vel
923 829 1014 904 uum,
1034 830 1129 889 limum

135 912 264 990 leporis,
284 911 338 970 sed
359 928 510 988 caprarum
530 911 625 970 timum
646 912 710 970 sine
732 913 870 970 cicatrice
890 928 993 970 sanare
1014 912 1128 971 dicitur.

92 1006 145 1061 236
157 995 298 1056 Glutinum
313 995 586 1071 praestantissimum
599 994 630 1053 lit
649 1012 688 1052 ex
709 994 824 1053 auribus
838 1003 984 1054 taurorum
1004 1005 1035 1054 et
1047 995 1128 1072 geni·

136 1078 250 1153 talibus,
264 1094 320 1135 nec
335 1078 488 1154 quicquam
500 1077 648 1136 efficacius
664 1077 785 1154 prodest
799 1077 953 1151 ambustis,
973 1078 1030 1137 sed
1047 1078 1157 1138 adul-tt

135 1170 246 1220 teratur
259 1160 328 1219 nibil
342 1179 452 1239 aeque,
469 1160 619 1238 quibusvis
634 1160 762 1237 pellibus
773 1162 941 1220 inveteratis
955 1161 1128 1221 calciamen-

135 1246 231 1322 tisque
245 1246 332 1304 etiam
347 1245 488 1304 decoctis.
508 1244 686 1305 llbodiacum
699 1244 906 1317 fidelissimum,
924 1261 1022 1321 eoque
1038 1246 1128 1322 picto·

135 1347 185 1387 res
201 1337 230 1386 et
244 1328 348 1388 medici
359 1337 483 1388 utuntur.
514 1328 541 1387 id
556 1345 673 1405 quoque
685 1345 743 1406 quo
756 1328 903 1387 candidius
918 1344 955 1385 eo
967 1327 1128 1406 probatius,

134 1413 246 1488 nigrum
266 1422 296 1472 et
311 1413 456 1489 lignosum
472 1412 630 1471 damnatur.

93 1504 144 1560 237
209 1496 293 1573 (72.)
315 1496 477 1555 Nemorum
491 1494 643 1555 doloribus
658 1495 753 1558 mum
769 1495 916 1571 caprinum
930 1493 1088 1554 decoctum
1100 1493 1156 1552 inu

136 1589 220 1639 aceto
245 1597 309 1638 cum
328 1579 415 1637 melle
430 1579 607 1638 utilissimum
629 1587 729 1656 putant
751 1576 800 1634 vel
821 1586 1011 1655 putrescente
1028 1592 1128 1636 nervo.

136 1664 286 1738 spasmata
308 1671 337 1720 et
358 1679 497 1739 percussu
518 1664 617 1721 vitiata
637 1663 704 1720 limo
730 1678 838 1738 apruno
859 1669 960 1719 curant
979 1678 1054 1720 vere
1070 1660 1129 1720 col·

136 1744 214 1802 lecto
235 1752 265 1803 et
286 1744 425 1803 arefacto.
460 1745 555 1802 sicet
581 1744 734 1821 quadrigas
757 1746 871 1820 agentis
896 1753 1007 1802 tractos
1024 1753 1129 1805 rotave

136 1826 302 1885 volneratos
319 1836 349 1885 et
363 1844 479 1904 quoquo
495 1827 580 1886 modo
594 1829 734 1904 sanguine
750 1837 905 1903 contunso,
920 1827 969 1885 vel
983 1828 1009 1886 si
1023 1844 1129 1887 recens

93 1910 294 1975 238inlinatur.
325 1920 390 1969 sunt
411 1913 458 1989 qui
482 1913 628 1970 incoxisse
646 1919 729 1970 aceto
751 1910 846 1969 utilius
865 1919 973 1989 putent.
1011 1913 1082 1989 quin
1103 1918 1158 1970 eto

136 1995 164 2052 in
186 2002 254 2073 potu
269 1993 390 2054 farinam
405 2013 468 2055 eam
482 1996 575 2074 ruptis
591 1994 798 2070 convolsisque
812 2003 842 2053 et
858 1994 972 2053 eversis
989 2012 1029 2053 ex
1044 2003 1130 2055 aceto

136 2077 291 2137 salutarem
303 2079 478 2155 promittunt.
502 2079 720 2137 reverentiores
736 2078 864 2136 cinerem
877 2078 939 2136 eius
950 2095 989 2136 ex
1000 2096 1076 2155 aqua
1089 2078 1130 2136 bi·

135 2160 222 2234 bunt,
242 2160 395 2238 feruntque
413 2171 442 2220 et
454 2162 601 2221 Neronem
616 2163 775 2239 principem
793 2161 848 2220 hac
863 2162 982 2238 potione
1000 2163 1131 2221 recreari

138 2242 267 2319 solitum,
294 2261 357 2302 oum
375 2245 418 2302 sio
433 2262 548 2321 quoque
564 2263 597 2302 se
611 2245 727 2320 trigario
747 2243 912 2322 adprobare
931 2243 1033 2304 vellet.
1061 2262 1130 2324 pro-

135 2343 248 2383 xumam
264 2326 349 2385 suillo
366 2327 431 2386 limo
450 2329 505 2385 vim
520 2337 626 2405 putant.
1137 2341 1160 2382 ²⁶

93 2418 144 2473 239
211 2409 258 2470 18.
283 2411 368 2487 (73.)
390 2411 562 2488 Sanguinem
573 2413 647 2470 sistit
658 2412 812 2487 coagulum
825 2411 971 2468 cervinum
983 2428 1022 2469 ex
1033 2420 1130 2487 aceto,

137 2492 204 2551 item
229 2493 357 2570 leporis,
381 2494 465 2554 buius
487 2496 600 2572 quidem
623 2504 651 2554 et
679 2495 802 2573 pilorum
824 2495 911 2568 cinis,
935 2495 1003 2552 item
1026 2495 1131 2553 elimo

133 2577 206 2635 asini
222 2578 294 2636 cinis
308 2578 414 2637 inlitus.
446 2579 594 2639 efficacior
615 2581 660 2638 vis
679 2577 834 2637 emaribus
855 2585 939 2635 aceto
956 2577 1084 2637 admixto
1103 2587 1132 2637 et

134 2659 163 2717 in
177 2660 242 2720 lana
262 2660 299 2720 ad
314 2678 398 2721 omne
413 2662 582 2740 profluvium
600 2663 740 2738 inposito,
759 2661 888 2720 similiter
904 2678 940 2718 ex
956 2663 1064 2737 equino
1083 2680 1130 2721 ca·

135 2743 195 2818 pite
210 2752 239 2802 et
254 2743 359 2802 femine
377 2754 424 2804 aut
438 2746 494 2805 fimi
515 2746 667 2805 vitulorum
686 2745 756 2803 cinis
775 2745 869 2802 inlitus
884 2762 922 2802 ex
938 2752 1042 2819 aceto,
1062 2747 1162 2804 itemst

93 2832 145 2885 alo
157 2826 266 2901 caprini
281 2844 384 2885 cornus
399 2829 445 2887 vel
462 2830 518 2888 limi
534 2847 572 2887 ex
586 2837 681 2888 aceto.
712 2827 812 2886 hircini
828 2845 900 2886 vero
919 2827 1058 2886 iocineris
1073 2827 1130 2887 dis·

136 2907 210 2964 secti
225 2909 320 2966 sanies
336 2909 501 2984 efficacior,
525 2920 555 2970 et
576 2913 648 2969 cinis
663 2912 811 2988 utriusque
836 2928 873 2968 ex
892 2910 959 2968 vino
977 2919 1065 2988 potus
1082 2911 1132 2971 vel

136 2987 251 3047 naribus
269 3007 306 3048 ex
321 3000 405 3050 aceto
423 2993 536 3069 inlitus,
552 2994 653 3054 hircini
670 3011 785 3072 quoque
804 2995 883 3068 utris,
899 2993 1000 3051 vinarii
1020 2994 1131 3054 dumta-

135 3081 194 3148 xat,
207 3073 278 3130 cinis
292 3091 354 3133 oum
370 3077 431 3152 pari
447 3076 576 3153 pondere
591 3079 715 3151 resinae,
732 3094 790 3154 quo
812 3094 923 3153 genere
939 3077 1051 3137 sistitur
1066 3095 1132 3138 san·

136 3157 199 3232 guis
225 3164 254 3215 et
274 3156 376 3216 volnus
400 3158 564 3235 glutinatur.
597 3161 748 3220 haedinum
770 3178 885 3237 quoque
908 3160 1064 3235 coagulum
1094 3173 1164 3220 extu

135 3250 219 3381 acqto
244 3249 273 3299 et
296 3240 429 3300 feminum
451 3243 513 3301 eius
536 3243 748 3304 combustorum
769 3245 840 3302 cinis
863 3243 994 3302 similiter
1015 3244 1133 3321 pollere

136 3332 176 3382 tra
199 3332 290 3382 untur.

92 3413 142 3467 sti
209 3403 291 3485 (74.)
313 3408 420 3468 Ulcera
435 3417 515 3469 sanat
529 3410 556 3467 in
568 3409 645 3469 tibiis
657 3410 845 3486 cruribusque
858 3409 941 3487 adips
952 3412 1067 3470 ursinus
1079 3411 1131 3473 ad·
