2400 3840
368 181 447 228 nur.
463 179 553 229 mss.
572 181 668 227 xxrx.
687 178 713 233 6.
737 169 795 246 (38.
811 174 870 250 39.)
1052 169 1110 234 231

119 336 248 396 detracta
271 335 350 414 pelle
378 336 577 414 intestinisque
603 338 744 416 exemptis
772 336 951 416 discoquitur
974 337 1060 397 melle
1085 341 1113 398 in

122 438 192 480 vase
208 436 295 480 novo.
326 418 430 479 medici
445 419 551 480 malunt
566 439 583 479 e
601 421 691 481 nardo
711 421 834 498 decoqui
853 421 990 499 usquead
1013 423 1112 482 tertias

121 505 210 582 partis
226 511 311 581 atque
325 503 364 562 ita
380 503 538 580 adservari,
552 503 667 581 deinde,
682 523 745 564 cnm
762 521 835 582 opus
847 506 894 581 sit,
912 504 1015 582 strigili
1032 513 1112 583 tepe-

121 588 196 648 facta
211 586 370 647 infundere.
405 594 518 647 constat
535 587 684 668 deplorata
709 589 815 649 aurium
837 589 957 648 vitiaco
982 588 1112 647 remedio

96 673 215 733 ssauari
233 679 280 730 aut
293 670 318 729 si
332 671 440 730 terreni
450 689 564 733 vermes
581 691 644 733 cum
659 672 744 751 adipe
761 673 874 731 anseris
891 672 1006 731 decocti
1022 673 1111 731 infun·

121 755 230 829 dantur,
252 755 320 814 item
336 772 373 814 ex
389 753 540 816 arboribus
556 755 634 815 rubri
652 775 715 815 cum
728 756 796 815 oleo
814 757 872 815 triti
889 755 1065 815 exulceratis
1083 764 1112 815 et

119 838 210 916 ruptis
222 837 335 898 auribus
349 839 499 916 praeclare
514 840 673 901 medentur.
704 841 818 902 Lacerti
832 841 1000 917 inveterati,
1018 841 1046 898 in
1058 850 1155 905 os136

119 921 303 998 pendentium
320 922 416 982 addito
437 922 516 1000 sale,
536 932 692 983 contunsas
710 933 739 983 et
754 923 790 983 ab
812 926 870 984 ictu
891 922 1013 983 miseras
1036 924 1112 984 auris

120 1014 230 1081 sanant,
252 1006 454 1066 efficacissime
480 1004 575 1067 autem
600 1006 782 1083 ferrugineas
810 1009 938 1069 maculas
959 1008 1110 1083 babentes,

84 1088 193 1148 soliniis
208 1090 292 1150 etiam
309 1109 363 1168 per
381 1091 499 1150 caudam
513 1090 648 1151 distincti.
674 1090 812 1168 blilipeda
827 1090 862 1152 ab
878 1091 942 1152 aliis
958 1092 1112 1170 centipeda

118 1181 166 1232 ant
184 1173 341 1251 multipeda
365 1171 440 1232 dicta
462 1173 566 1234 animal
586 1183 632 1234 est
652 1192 669 1233 e
688 1173 834 1233 vermibus
860 1183 954 1234 terrae
978 1176 1111 1253 pilosum,

117 1255 212 1315 multis
227 1255 351 1333 pedibus
371 1257 505 1316 arcuatim
520 1275 628 1336 repens
643 1265 778 1335 tactuque
794 1257 968 1317 contrahens
985 1276 1033 1334 se,
1052 1263 1112 1319 oni·

118 1355 190 1397 scon
207 1337 311 1398 Graeci
327 1348 443 1415 vocant,
462 1341 510 1401 alii
524 1341 615 1416 tylon.
647 1341 799 1401 efficacem
814 1349 931 1401 narrant
953 1339 988 1399 ad
1003 1344 1111 1401 aurium

118 1421 237 1483 dolores
252 1423 280 1483 iu
297 1424 409 1484 cortice
424 1423 524 1483 Punici
538 1425 604 1484 mali
620 1423 773 1485 decoctum
797 1432 826 1482 et
841 1424 921 1502 porri
944 1439 1025 1482 suco.
1062 1424 1111 1483 ad·

81 1508 187 1568 uadunt
204 1517 233 1568 et
247 1524 400 1568 rosaceum
422 1515 451 1567 et
470 1509 498 1566 in
515 1507 632 1568 alteram
656 1526 753 1569 aurem
775 1506 933 1566 infundunt.
970 1506 1047 1566 illam
1063 1526 1111 1569 au·

117 1600 175 1649 tem
198 1609 274 1668 quae
288 1608 346 1650 uon
362 1599 495 1651 arcuatur
517 1610 590 1669 sepa
613 1591 718 1653 Graeci
739 1601 861 1667 vocant,
884 1590 933 1649 alii
955 1590 1111 1671 scolopen-

117 1674 211 1749 dram,
229 1676 367 1735 minorem
386 1676 645 1754 perniciosamque.
679 1674 808 1736 Cocleae
825 1693 899 1754 quae
917 1682 981 1734 sunt
995 1675 1023 1734 in
1039 1694 1092 1736 usu
1104 1686 1153 1742 137

69 1781 73 1791 ⁴
116 1758 173 1818 cibi
189 1777 251 1818 cum
268 1777 361 1819 murra
378 1768 424 1819 aut
439 1762 508 1820 turis
524 1760 633 1838 polline
653 1760 818 1838 adpositae,
841 1762 908 1818 item
925 1759 1047 1820 minutae
1070 1760 1111 1820 la·

115 1851 161 1902 tae
176 1844 310 1903 fracturis
325 1845 433 1903 aurium
449 1845 603 1905 inlinuntur
619 1863 682 1904 cum
700 1844 797 1904 melle.
835 1845 976 1902 Senectus
991 1862 1111 1923 serpen·

78 1937 106 1980 co
114 1927 180 1985 tium
197 1927 329 1986 fervente
349 1936 424 1987 testa
442 1938 505 1988 usta
520 1928 671 1988 instillatur
691 1944 816 1987 rosaceo
840 1926 982 2003 admixto,
1010 1936 1112 1986 contra

115 2011 209 2069 omnia
224 2010 338 2087 quidem
353 2011 422 2070 vitia
439 2010 562 2086 efficax,
581 2010 634 2070 sed
655 2019 755 2071 contra
776 2009 1005 2086 graveolentiam
1027 2028 1110 2087 prae·

115 2095 216 2170 cipue,
239 2103 268 2152 et
286 2094 310 2150 si
326 2093 493 2170 purulentae
517 2095 587 2169 sint,
611 2111 648 2153 ex
662 2102 757 2170 aceto,
772 2093 875 2152 melius
890 2110 954 2152 cum
974 2092 1048 2152 felle
1063 2111 1110 2152 ca·

114 2177 197 2254 prino
219 2175 267 2236 vel
282 2174 390 2235 bubulo
406 2185 454 2237 aut
468 2177 619 2237 testudinis
641 2179 777 2237 marinae.
805 2177 946 2236 vetustior
966 2193 1041 2236 anno
1063 2194 1110 2237 ea-

115 2259 179 2319 dem
192 2259 356 2320 membraua
371 2278 428 2320 nou
445 2260 574 2338 prodest,
586 2279 646 2321 ‚nec
658 2261 748 2321 imbre
763 2262 892 2338 perfusa,
909 2269 940 2319 ut
956 2260 1044 2339 aliqui
1059 2278 1109 2339 pu·

77 2351 183 2402 astant.
209 2343 316 2402 Aranei
333 2345 428 2405 sanies
444 2363 507 2403 cum
522 2363 646 2405 rosaceo
658 2354 706 2405 aut
720 2362 773 2423 per
789 2363 821 2403 se
837 2346 865 2403 in
882 2344 946 2405 lana
961 2345 1010 2405 vel
1026 2363 1088 2405 cnm
1102 2355 1154 2411 138

115 2444 203 2487 croco
222 2427 336 2487 auribus
353 2427 484 2504 prodest,
501 2428 613 2504 gryllus
635 2446 697 2486 cum
713 2446 763 2487 sua
784 2437 861 2487 terra
876 2428 1002 2487 effossus
1025 2437 1055 2487 et
1069 2428 1109 2487 in-

113 2510 190 2569 litus.
227 2527 358 2585 magnam
373 2511 572 2569 auctoritatem
594 2510 661 2569 buic
682 2510 793 2570 animali
817 2509 952 2587 perbibet
965 2509 1108 2588 Nigidius,

112 2594 250 2651 maiorem
266 2593 361 2668 Magi,
388 2595 521 2671 quoniam
544 2600 623 2652 retro
639 2592 764 2653 ambulet
782 2602 947 2669 terramque
969 2593 1110 2670 terebret,

113 2674 213 2734 stridat
227 2674 369 2734 noctibus.
414 2684 552 2736 venantur
568 2694 631 2735 eum
647 2676 767 2736 formica
783 2675 981 2752 circumligata
1003 2676 1110 2753 capillo

76 2769 104 2812 ³0
114 2759 142 2817 in
157 2776 308 2818 cavernam
326 2758 387 2816 eius
403 2759 531 2835 coiecta,
555 2758 652 2819 efflato
669 2758 747 2838 prius
764 2758 886 2837 pulvere
901 2778 938 2818 ne
953 2777 1021 2819 sese
1040 2778 1109 2820 con·

113 2842 170 2917 dat,
189 2843 225 2901 ita
240 2841 380 2902 formicae
392 2843 535 2921 conplexu
550 2842 714 2903 extrahitur.
732 2843 850 2902 Ventris
861 2843 1090 2920 gallinaceorum
1100 2857 1152 2914 139

111 2925 276 2986 membrana
290 2943 364 3004 quae
381 2922 456 2987 abici
471 2927 548 2987 solet
564 2929 725 2986 inveterata
743 2934 771 2986 et
786 2927 814 2986 iu
826 2925 894 2987 vino
909 2926 975 2990 trita
992 2928 1118 2990 auribus

110 3009 269 3088 purulentis
285 3009 377 3069 calida
391 3010 554 3088 infunditur,
566 3010 737 3088 gallinarum
748 3029 865 3090 quoque
882 3011 963 3091 adips
980 3021 1009 3071 et
1021 3030 1107 3090 quae·

112 3094 175 3154 dam
192 3093 360 3172 pinguitudo
378 3093 501 3170 blattae,
522 3095 546 3153 si
566 3103 653 3173 caput
673 3095 823 3156 avellatur.
856 3097 929 3156 hanc
944 3097 1037 3155 tritam
1052 3115 1108 3156 una

74 3191 175 3237 ascum
191 3194 314 3236 rosaceo
331 3175 447 3236 auribus
466 3178 538 3236 mire
561 3178 702 3255 prodesse
725 3178 838 3254 dicunt,
863 3179 915 3239 sed
937 3179 1030 3238 lanam
1051 3195 1107 3256 qua

111 3261 278 3321 incluserint
296 3269 362 3339 post
377 3260 491 3338 paulum
506 3261 719 3321 extrahendam.
748 3261 900 3322 celerrime
913 3262 987 3321 euim
1002 3260 1030 3320 id
1046 3263 1107 3340 piu·

110 3363 168 3421 gne
181 3346 303 3405 transire
315 3346 344 3404 iu
357 3342 458 3404 animal
470 3343 590 3422 lienique
603 3344 798 3404 vermiculum.
815 3345 863 3404 alii
875 3344 958 3404 binas
970 3353 1106 3406 ternasve

110 3430 140 3486 in
151 3428 218 3489 oleo
231 3427 369 3489 decoctas
380 3427 581 3488 efficacissime
593 3428 709 3488 auribus
718 3428 828 3487 mederi
839 3427 969 3488 scribunt
984 3436 1013 3487 et
1024 3429 1110 3488 tritas
