2400 3840
153 189 214 253 160
463 202 494 250 c.
517 201 613 250 nnmr
635 200 797 250 suenum.
833 230 838 237 .

150 360 232 436 glsse
247 356 376 432 tradunt,
393 364 423 415 et
441 355 530 434 aliqui
548 357 663 416 nomine
687 372 803 435 quoque
820 355 1003 416 consalutare
1023 354 1145 437 religio·

108 452 144 506 ιι
155 445 214 502 ιιιι
230 439 352 521 putanti
377 440 453 515 Quin
468 448 497 499 et
509 438 643 500 absentis
652 442 754 500 tinnitu
767 441 873 499 ιιιιιιιιι
885 438 1067 519 praesentire
1081 459 1146 503 ser·

150 544 252 587 mones
268 526 305 586 de
323 542 356 585 se
371 522 521 602 receptum
536 533 589 584 est.
617 524 731 583 Attalus
746 523 886 600 oddrmat,
904 525 1063 603 scorpione
1077 527 1145 586 viso

151 611 176 669 si
194 611 257 688 quis
275 610 352 670 dicat
366 608 452 683 duo,
474 606 609 668 cobiberi
630 625 686 668 nee
708 605 824 667 vibrare
847 607 931 668 ictus.
961 616 991 667 et
1010 605 1158 686 quouiam'

148 695 269 771 scorpio
285 691 444 765 admonuit,
466 691 495 748 in
509 690 609 751 Africa
625 706 709 751 nemo
724 691 846 751 destinat
867 690 975 769 aliquid
988 693 1044 751 niel
1062 706 1180 771 prae-a·

150 775 226 837 fatus
243 776 390 851 Africam,
411 771 440 833 in
456 776 562 833 ceteris
576 792 648 834 veru
662 774 796 851 gentibus
811 773 884 835 deos
900 783 966 834 ante
983 783 1147 852 optestatus

150 869 181 918 ut
195 859 294 920 velint.
314 875 379 917 nanu
392 858 417 915 si
428 874 526 916 manau
540 857 625 932 adsit,
643 857 757 917 anulum
766 874 877 937 ponere
892 858 1056 919 tralatitium
1065 858 1146 919 ride·

150 960 222 1018 mus,
236 942 369 1021 quoniam
379 942 464 1000 etiarn
472 949 562 1000 mutas
574 940 733 1018 religiones
741 941 855 1019 pollere
863 942 1043 1001 mauiieslum
1054 942 1146 1003 esti.

108 1035 143 1088 ιι
154 1025 226 1084 alins
244 1024 335 1085 saliva
349 1032 416 1103 post
426 1039 524 1083 aurem
536 1023 626 1100 digito
643 1024 734 1084 relata
746 1023 966 1085 sollicitudinem
981 1026 1066 1084 animi
1078 1020 1146 1103 p'ro·

152 1108 244 1188 pitiat.
288 1107 429 1187 pollices,
456 1124 519 1166 cum
541 1107 706 1183 faveamus,
729 1124 864 1187 premere
877 1109 963 1167 etiam
986 1107 1179 1187 proverbiort

153 1189 292 1253 iubemur.
325 1192 353 1252 in
370 1191 518 1252 adorando
530 1190 663 1251 dentram
677 1191 713 1251 ad
727 1190 859 1251 osculum
871 1190 1027 1250 referimus
1042 1199 1146 1251 totum·

154 1293 210 1354 que
226 1292 334 1359 corpus
349 1277 577 1354 circumagimus,
594 1274 670 1353 qnod
684 1275 713 1334 ιιι
728 1273 843 1335 laevom
854 1274 965 1334 iecisse
975 1272 1087 1334 Galliae
1101 1291 1147 1334 re·

151 1355 285 1437 ligiosins
308 1358 439 1420 creduut.
479 1358 622 1436 fulgetras
643 1359 819 1456 poppysmis
838 1356 960 1416 adorare
985 1372 1147 1442 consensus

110 1452 145 1508 tt
156 1445 284 1521 gentium
299 1453 354 1504 est.
386 1442 518 1503 incendia
533 1444 608 1500 iuter
622 1442 726 1520 epulas
743 1440 887 1500 nominata
901 1441 984 1518 aquis
999 1440 1053 1500 sub
1067 1436 1147 1500 men'·

152 1545 213 1587 sam
231 1527 358 1609 profusis
372 1525 577 1586 abominamur
607 1525 767 1585 recedente
782 1524 878 1603 aliquo
899 1523 936 1582 ab
952 1523 1047 1601 epulis
1062 1522 1147 1583 simul
1154 1538 1178 1580 ιι

152 1612 230 1670 verri
253 1604 349 1670 solum
368 1617 416 1670 aut
435 1606 558 1668 bibente
575 1609 696 1669 conviva
717 1623 844 1667 mensam
868 1605 918 1666 vel
942 1608 1147 1684 repositorium

153 1691 217 1751 tolli
231 1691 519 1769 inauspicatissimum
534 1689 682 1751 indicatur.
712 1692 796 1750 Servi
812 1688 922 1768 Sulpici
939 1691 1078 1768 principis
1093 1689 1147 1749 vln'

154 1773 356 1834 commentatio
368 1772 606 1852 estqnamobrem
617 1790 715 1834 mensa
727 1773 880 1852 linquenda
892 1789 949 1832 non
960 1774 1007 1850 sit,
1018 1770 1144 1832 nondum

155 1858 228 1918 enim
243 1856 343 1935 plures
362 1872 445 1935 quam
461 1858 602 1917 convivae
616 1856 846 1917 numerabantur.
875 1872 938 1917 nam
948 1864 1146 1915 sternumento

153 1941 288 2001 revocari
303 1940 443 2001 ierculuru
455 1956 636 2017 mersumve,
654 1943 680 2001 si
694 1957 750 2000 non
764 1948 867 2018 posteo
881 1947 1012 2015 gustetur
1028 1935 1146 2017 aliquid,
1153 1950 1190 1995 ιι·

111 2033 145 2090 bi
157 2027 231 2085 inter
253 2023 329 2085 diras
350 2023 488 2101 babetur,
515 2035 562 2084 aut
576 2025 692 2084 omnino
714 2041 771 2084 non
787 2040 864 2082 esse.
896 2021 977 2082 llaec
994 2021 1148 2081 instituere

154 2108 196 2168 illi
219 2108 267 2186 qui
289 2108 420 2167 omnibus
434 2110 561 2185 negotiis
582 2109 719 2185 bonisque
732 2109 875 2166 iuteresse
891 2103 1048 2164 credebant
1062 2102 1146 2180 ιιιοι,

156 2199 185 2249 et
200 2190 266 2250 ideo
282 2190 414 2268 placatos
431 2192 515 2250 etiarn
531 2192 608 2250 vitiis
629 2193 735 2249 nostris
749 2189 937 2275 reliquerunt.
969 2184 1045 2286 qniun
1054 2195 1085 2246 et
1100 2206 1146 2248 re·

154 2281 242 2352 pente
260 2274 452 2333 conticiscere
468 2275 630 2332 convivium
645 2272 808 2332 adnotatum
828 2278 873 2331 est
893 2271 1020 2331 nonnisi
1037 2271 1145 2348 inpari

154 2356 349 2434 praesentium
367 2372 484 2415 numero
486 2358 596 2435 ,isque
612 2357 705 2416 lamae
720 2355 804 2417 labor
821 2363 867 2414 est
884 2353 919 2414 ad
937 2368 1188 2432 quemcumqnest-

124 2478 127 2483 ι
154 2454 256 2501 eornm
271 2440 427 2518 pertinens.
457 2438 539 2499 cibus
553 2444 672 2500 etiame
693 2456 777 2500 mann
797 2437 951 2516 prolapsus
971 2435 1148 2497 reddebatur

156 2524 253 2602 utique
274 2541 473 2603 permensus,
493 2525 686 2603 vetabantque
705 2521 903 2583 munditiarum
919 2537 1005 2580 cansa
1025 2518 1146 2595 dedere,

157 2617 185 2668 et
200 2616 265 2668 sunt
281 2607 396 2669 condita
405 2608 535 2686 auguria,
550 2609 618 2686 quid
632 2608 761 2685 loquenti
770 2605 946 2682 cogitantive
960 2603 989 2662 id
1000 2601 1148 2679 acciderit,

154 2692 229 2751 inter
244 2692 494 2767 exsecratissima,
515 2692 539 2749 sl
553 2691 680 2769 pontilici
692 2689 805 2751 accidat
821 2687 893 2747 dicis
904 2703 993 2746 eausa
1009 2685 1147 2764 epulanti.

156 2775 185 2831 in
203 2791 301 2834 mensa
319 2777 419 2854 utique
445 2774 473 2834 id
494 2776 597 2852 reponi
617 2773 787 2852 adolerique
808 2770 844 2832 ud
865 2771 955 2830 larem
977 2768 1066 2848 piatio
1090 2778 1146 2829 est.
1155 2778 1180 2821 ιι

113 2864 149 2920 te
159 2854 365 2916 Medicamenta
379 2860 545 2937 priusquam
559 2854 747 2917 adhibeantur
759 2857 788 2914 ln
803 2871 902 2914 mensa
921 2853 997 2913 iorte
1015 2851 1149 2931 deposita

156 2946 264 3015 negant
281 2939 433 3016 prodesse.
464 2941 568 3016 unguis
587 2940 717 2998 resecari
738 2938 867 2998 nundinis
883 2937 1020 2997 Romanis
1040 2936 1148 2996 tacenti

157 3031 244 3100 atque
259 3039 275 3082 a
291 3021 380 3099 digito
395 3021 490 3082 indice
503 3021 654 3082 multorum
674 3022 814 3100 pecuniae
832 3021 1001 3098 religiosum
1016 3028 1077 3092 est,
1099 3036 1148 3079 ca·

157 3105 256 3185 pillum
280 3121 350 3164 vero
374 3113 472 3165 uonna
492 3102 555 3163 eius
581 3104 703 3166 defluvia
728 3123 764 3166 oc
788 3105 906 3165 dolores
934 3103 1036 3182 capitis
1056 3063 1148 3164 l'lvu

157 3189 224 3249 luna
239 3196 326 3264 atque
340 3184 486 3248 xxv1111.
516 3187 632 3266 Pagana
649 3189 760 3290 legem
776 3187 923 3268 plerisque
942 3185 1042 3246 ltaliae
1064 3198 1181 3265 prae-at

159 3271 212 3331 dlis
233 3279 352 3330 cavatur
371 3289 408 3330 ne
429 3271 565 3331 mulieres
586 3291 640 3352 per
662 3274 764 3334 itinera
788 3269 967 3333 ambulantes
992 3278 1151 3347 torqueant

157 3355 239 3414 lusos
258 3362 304 3414 aut
330 3356 444 3414 omnino
469 3352 603 3417 detectos
628 3357 739 3433 ierant,
768 3356 900 3435 quoniam
921 3354 1092 3414 adversetur
1119 3352 1148 3414 id

114 3439 284 3503 tsomnlum
312 3440 391 3517 spei,
425 3441 584 3519 praecipue
608 3441 731 3518 bugum.
776 3439 815 3501 ti.
836 3436 977 3499 Seruilius
996 3435 1147 3497 Nonianus
