2400 3840
308 175 654 228 uuu.u1su.xx111.1.
673 164 825 244 (lo—ua.)
1051 167 1071 229 9
1140 165 1148 173 ’

65 346 198 408 guemus.
231 328 267 390 de
290 330 449 408 generibus
470 331 592 408 singulis
607 331 756 392 disserere
772 332 928 390 inmensum
945 340 974 393 et
990 334 1070 394 inex·

65 412 204 492 plicabile
221 421 268 473 est
283 413 464 474 discordibus
479 413 655 475 medicorum
670 416 830 475 sententiis.

128 495 211 576 (20.)
244 496 443 557 Surrentinum
459 507 578 559 veteres
594 516 723 558 maxume
740 498 920 577 probavere,
937 511 1114 578 sequensee

63 591 147 642 aetas
166 580 309 641 Albanum
331 589 379 640 aut
394 581 546 642 Falernum
570 590 600 642 et
619 581 723 643 deiude
747 581 802 641 alia
823 580 870 640 alii
886 583 1067 660 iniquissimo

41 683 180 745 egencre
196 665 307 726 decreti
320 665 397 743 quod
408 668 512 744 cuique
527 666 721 743 gratissimum
735 666 844 726 ceteris
857 667 988 727 omuibus
1000 686 1068 747 pro-

63 749 230 810 nuntiando.
258 749 335 827 quod
348 757 379 808 ut
390 758 558 809 constarent
570 750 744 827 sententiae,
764 757 851 827 quota
862 752 959 828 portio
973 759 1067 812 tamen

62 831 227 893 mortalium
245 831 290 892 his
306 833 466 909 generibus
484 841 589 912 posset
603 830 664 892 uti?
695 834 750 892 iam
765 851 837 893 vero
856 852 911 893 nec
926 851 1066 913 proceres

62 933 184 995 usquam
200 917 331 977 sinceris.
361 933 398 977 eo
411 935 521 978 venere
539 935 637 979 mores
655 926 686 976 ut
701 918 815 977 nomina
826 917 911 976 modo
929 917 1067 978 cellarum

61 1008 206 1077 veneant,
225 1000 379 1078 statimque
396 1001 426 1059 in
440 999 551 1060 lacibus
568 1002 729 1062 vindemiae
741 998 947 1060 adulterentur.
981 1015 1111 1081 ergo,34

28 1083 225 1160 tollercules,
246 1085 349 1143 mirum
369 1084 463 1161 dictu,
486 1086 669 1145 innocentius
685 1087 741 1143 iam
756 1092 802 1144 est
820 1084 1018 1163 quodcumque
1037 1096 1067 1146 et

61 1166 230 1244 ignobilius.
261 1166 334 1227 haec
356 1176 450 1228 tamen
471 1170 571 1229 lacere
593 1169 826 1228 constantissime
848 1168 983 1227 videntur
997 1188 1067 1247 quo-

61 1267 125 1310 rum
139 1251 316 1311 mentionem
326 1252 455 1313 fecimus.
484 1254 507 1312 si
522 1255 586 1330 quis
599 1252 656 1312 hoe
668 1268 783 1330 quoque
795 1251 950 1312 discrimen
962 1255 1065 1331 exigit,

61 1332 216 1394 Falernum
237 1338 339 1396 necin
356 1337 487 1399 novitate
502 1354 557 1395 nec
574 1337 604 1395 in
621 1337 706 1394 nimia
722 1342 868 1392 vetustate
887 1338 1005 1413 corpori
1023 1355 1066 1396 sa-

61 1416 146 1478 lubre
167 1424 222 1478 est.
255 1419 348 1479 media
363 1421 426 1479 eius
447 1426 527 1479 aetas
549 1437 564 1478 a
582 1418 637 1478 XV
658 1419 739 1477 aunis
761 1417 871 1494 incipit.
906 1419 935 1475 in
957 1418 1064 1494 frigido

26 1508 133 1579 rapotu
161 1502 312 1563 stomacho
339 1503 428 1581 utile,
458 1521 516 1564 uon
543 1505 612 1564 item
638 1504 667 1561 in
696 1500 795 1560 calida.
831 1499 957 1559 diutinae
989 1504 1110 1568 tussiae

61 1585 201 1645 sorbetur
221 1604 331 1647 merum
351 1587 463 1648 utiliter
483 1588 636 1664 aieiunis,
663 1587 733 1646 item
748 1586 777 1644 in
792 1584 946 1662 quartanis.
983 1584 1063 1646 nullo

61 1685 155 1747 aeque
177 1687 270 1730 venae
294 1671 465 1731 excitantur.
508 1671 602 1731 alvom
625 1671 719 1746 sistit,
745 1686 851 1747 eorpus
873 1666 932 1727 alit.
973 1669 1065 1728 credi·

60 1760 120 1811 tum
142 1761 189 1814 est
213 1754 419 1815 obscuritatem
433 1757 513 1815 visus
530 1756 645 1831 iacere,
669 1771 724 1814 nee
741 1753 885 1831 prodesse
903 1754 1001 1812 nervis
1016 1761 1065 1812 aut

60 1837 189 1896 vesicae.
219 1837 332 1899 Albana
352 1841 452 1900 nervis
474 1839 606 1915 utiliora,
633 1835 782 1897 stomacho
798 1838 890 1894 minus
908 1854 982 1914 quae
999 1845 1064 1896 sunt

22 1932 49 1972 20
61 1919 172 1997 dulcia,
190 1930 307 1982 austera
322 1921 371 1982 vel
386 1922 511 1983 Falerno
527 1921 651 1982 utiliora.
683 1921 903 1981 concoctionem
913 1921 1004 1978 minus
1017 1920 1064 1979 ad-

59 2003 176 2081 iuvant,
192 2005 368 2065 stomachum
380 2007 493 2066 modice
508 2005 636 2084 inplent,
652 2012 680 2063 at
692 2003 860 2062 Surrentina
874 2001 1062 2079 nullomodo,

60 2105 116 2146 nee
133 2096 220 2166 caput
239 2096 396 2168 temptant,
421 2090 558 2150 stomachi
579 2099 609 2149 et
625 2088 829 2148 intestinorum
843 2083 1063 2145 rheumatismos

59 2170 207 2231 cohibent.
236 2170 370 2234 Caecuba
386 2177 442 2233 iam
456 2190 514 2234 non
530 2175 694 2251 gignuntur.

123 2253 205 2335 (21.)
242 2255 282 2315 Et·
301 2275 374 2334 quae
390 2265 546 2336 supersunt
562 2256 661 2317 Setina
678 2255 761 2315 cibos
780 2253 923 2330 concoqui
941 2261 1057 2331 cogunt.
1071 2264 1107 2318 36

24 2357 50 2419 ,²⁵
60 2339 164 2397 virium
191 2339 255 2418 plus
282 2339 471 2418 Surrentino,
499 2341 678 2401 austeritatis
702 2337 835 2413 Albano,
862 2335 1062 2397 vehementiae

58 2422 284 2483 miuusFalerno
296 2422 412 2485 habeut.
442 2425 477 2484 ab
487 2423 531 2485 his
539 2419 977 2498 Statananonlongointervallo
985 2421 1063 2479 aiue-

58 2505 125 2564 rint.
149 2504 216 2567 alvo
229 2509 304 2567 eltae
319 2507 467 2586 Signinum
483 2524 612 2568 maxume
626 2505 790 2564 conducere
805 2502 993 2563 indubitatum
1006 2512 1060 2562 est.

124 2588 205 2669 (22.)
232 2589 355 2669 Reliqua
370 2594 400 2650 iu
418 2609 567 2651 commune
583 2589 722 2648 dicentur.
750 2586 827 2645 Vino
845 2585 957 2643 aluntur
968 2587 1058 2661 vires,
1070 2595 1104 2651 37

59 2673 179 2749 sanguis
195 2673 336 2751 colosque
349 2673 501 2734 hominum.
530 2672 586 2732 hoc
600 2672 687 2732 distat
704 2669 785 2730 orbis
801 2668 911 2728 medius
924 2676 953 2728 et
965 2670 1063 2727 mitior

22 2775 48 2818 eo
59 2754 147 2833 plaga
162 2773 178 2815 a
193 2758 394 2818 circumiectis.
427 2765 560 2835 quantum
575 2756 633 2815 illis
649 2754 751 2815 feritas
768 2753 837 2814 iacit
852 2752 987 2829 roboris,
1003 2761 1062 2811 tan·

58 2845 117 2897 tum
139 2840 226 2900 nobis
244 2839 291 2899 hic
306 2859 401 2901 sucus.
434 2840 518 2901 lactis
534 2849 622 2919 potus
640 2854 707 2898 ossa
722 2837 789 2915 alit,
810 2838 923 2913 frugum
939 2853 1061 2914 nervos,

58 2938 150 2999 aquae
172 2923 276 2983 carnis.
307 2924 376 2984 ideo
399 2925 491 2984 minus
512 2925 629 2984 ruboris
655 2930 700 2982 est
721 2923 750 2981 iu
765 2921 939 2999 corporibus
957 2920 1015 2981 illis
1031 2928 1061 2980 et

55 3007 148 3064 minus
176 3007 295 3066 roboris
321 3017 479 3086 contraque
507 3008 626 3069 labores
651 3007 817 3085 patientiae.
854 3006 923 3064 vino
945 3007 1106 3070 modieoae

57 3091 140 3148 nervi
158 3091 308 3167 iuvantur,
325 3092 494 3170 copiosiore
506 3091 669 3166 laeduntur,
686 3091 729 3149 sic
741 3097 772 3149 et
783 3088 867 3149 oculi.
898 3090 1061 3149 stomachus

21 3181 212 3232 atreereatur
239 3182 269 3233 et
289 3174 456 3254 adpetentia
477 3176 608 3236 ciborum
627 3175 780 3251 invitatur,
806 3173 923 3232 tristitia
944 3181 974 3232 et
993 3188 1061 3231 cura

59 3253 233 3334 hebetatur,
264 3259 346 3318 urina
374 3267 403 3318 et
429 3248 514 3336 algor
539 3258 713 3338 expellitur,
740 3274 857 3316 somnus
882 3254 1060 3314 conciliatur.

57 3347 216 3416 praeterea
234 3343 411 3404 vomitiones
431 3344 526 3420 sistit,
553 3343 746 3404 collectiones
767 3348 851 3400 extra
870 3337 943 3398 lanis
958 3339 1059 3397 umidis

55 3425 195 3501 inpositis
222 3426 344 3503 mitigat.
380 3425 574 3506 Asclepiades
600 3426 754 3486 utilitatem
781 3425 840 3482 vini
867 3423 984 3498 aequari
1010 3424 1060 3482 vix
