2400 3840
294 185 374 232 uer.
392 185 483 232 nnsr.
504 185 598 234 xxvi.
615 181 700 236 1-1.
719 172 870 252 (tl—19.)
1024 173 1086 235 105

93 339 222 416 reperio.
259 337 352 398 Radix
367 337 495 398 cacaliae
512 337 735 399 conmanducata
753 345 782 398 et
797 339 826 396 in
841 337 907 396 rino
923 336 1087 398 madefacta

93 437 152 480 non
166 421 236 480 tussi
258 428 364 481 tantum
385 420 439 480 sed
462 429 491 480 et
511 420 643 480 faucibus
663 420 792 499 prodest.
836 419 941 497 hysopi
960 421 1088 498 quinque

91 503 162 563 rami
177 520 241 563 cum
256 502 368 564 duobus
385 511 465 564 rutae
488 512 517 563 et
538 503 599 563 licis
616 503 705 564 tribus
721 503 835 564 decocti
851 502 1001 562 thoracem
1017 521 1082 581 pur-

91 595 171 664 gant,
188 588 288 646 tussim
305 586 417 646 sedant.

66 685 79 724 s
155 670 240 750 (16.)
263 669 392 729 Bechion
413 668 553 746 tussilago
571 669 682 730 dieitur.
717 670 772 731 duo
793 671 853 729 eius
875 688 1003 747 genera:
1033 668 1132 734 sil-w

91 752 198 812 vestris
218 752 265 811 ubi
290 753 416 813 nascitur
440 751 562 813 subesse
583 770 673 832 aquas
695 752 831 830 eredunt,
853 763 883 812 et
901 753 958 813 hoc
980 753 1086 813 habent

91 839 205 912 signum
234 834 395 914 aquileges.
452 834 523 896 lolia
556 846 621 896 sunt
651 837 808 897 maiuscula
840 854 922 914 quam
958 834 1086 897 hederae

92 921 217 998 quinque
233 928 280 980 aut
295 929 416 998 septem,
435 918 586 979 subalbida
601 937 617 980 a
631 928 719 996 terra,
735 937 861 998 superne
876 918 999 997 pallida,
1022 919 1084 978 sine

92 1002 186 1076 caule,
203 1003 265 1061 sine
282 1002 364 1078 flore,
380 1004 442 1063 sine
458 1005 583 1080 semine,
605 1002 703 1064 radice
719 1004 806 1063 tenui.
838 1003 950 1081 quidam
966 1002 1085 1063 eandem

58 1103 83 1144 so
93 1103 160 1147 esse
181 1087 280 1145 arcion
291 1095 320 1144 et
334 1086 390 1146 alio
403 1087 517 1146 nomine
531 1087 755 1146 chamaeleucen
766 1095 874 1165 putant.
891 1086 973 1146 huius
988 1085 1086 1146 aridae

92 1186 156 1230 cum
171 1169 269 1228 radice
285 1169 378 1229 fumus
393 1187 447 1250 per
460 1169 645 1230 harundinem
659 1170 777 1230 haustus
793 1180 822 1229 et
836 1169 991 1229 devoratus
1006 1177 1086 1228 vete·

92 1270 154 1312 rens
169 1270 272 1312 sanare
289 1250 391 1312 dicitur
413 1253 526 1328 tussim,
548 1251 602 1312 sed
627 1254 656 1312 in
678 1251 810 1329 singulos
831 1251 948 1312 haustus
968 1270 1085 1330 passum

92 1336 262 1412 gustandum
278 1345 332 1395 est.
404 1391 408 1398 .

158 1419 240 1497 (17.)
263 1418 364 1479 Altera
382 1437 399 1479 a
414 1417 582 1498 quibusdam
601 1418 692 1479 salvia
708 1417 883 1496 appellatur,
900 1415 1000 1476 similis
1015 1436 1079 1475 ver·
1093 1428 1129 1482 aa

58 1522 83 1563 rs
93 1502 194 1562 basco.
215 1503 374 1562 conteritur
389 1510 418 1562 et
434 1501 528 1562 colata
546 1501 738 1581 calelitatque
754 1503 792 1561 ita
808 1499 845 1560 ad
860 1500 958 1559 tussim
975 1500 1085 1560 lateris-

94 1603 150 1663 que
172 1585 290 1644 dolores
313 1585 433 1662 bibitur,
458 1593 559 1646 contra
575 1586 747 1664 scorpiones
770 1583 870 1644 eadem
893 1591 921 1642 et
944 1582 1087 1644 dracones

92 1669 218 1728 marinos
234 1669 349 1728 efficax.
381 1677 481 1728 contra
496 1670 640 1747 serpentis
656 1686 771 1748 quoque
793 1685 831 1727 ex
852 1667 920 1726 oleo
944 1668 1090 1744 perungui

94 1770 129 1811 ea
145 1750 275 1830 prodest.
296 1750 408 1831 llysopi
424 1751 581 1813 fasciculus
596 1771 659 1812 cum
673 1750 828 1830 quadrante
842 1748 936 1811 mellis
950 1748 1086 1827 decoqui·

93 1843 139 1893 tur
154 1834 190 1894 ad
204 1835 313 1911 tussim,
330 1834 444 1910 lateris,
460 1839 589 1913 pectoris
605 1834 739 1912 dolores,
756 1834 926 1894 verbascum
941 1849 1004 1892 curn
1024 1842 1086 1892 ruta

58 1932 84 1973 so
95 1935 132 1976 ex
145 1934 229 1996 aqua,
244 1918 416 1978 vettonicae
432 1918 523 1978 iarina
539 1918 645 1978 bibitur
659 1937 697 1977 ex
713 1935 787 1996 aqua
804 1914 904 1977 calida.

158 2002 186 2060 7.
211 2001 292 2080 (18.)
313 2000 496 2061 Stomachum
508 2000 682 2063 conroborat
693 1998 838 2060 scordotis
856 2015 951 2074 sucus,
969 2007 1083 2058 centau-
1095 2011 1134 2064 32

95 2087 176 2160 rium,
206 2086 340 2160 gentiana
358 2102 394 2143 ex
409 2101 483 2162 aqua
500 2095 604 2162 potae,
626 2083 763 2162 plantago
784 2090 832 2142 aut
856 2100 910 2159 per
925 2099 958 2140 se
976 2081 1005 2141 in
1020 2081 1095 2143 cibo'

95 2176 207 2246 sumpta
232 2175 279 2227 aut
300 2185 362 2226 cum
384 2167 462 2226 lente
483 2166 614 2228 alicaeve
634 2165 802 2226 sorbitione.
845 2163 999 2225 Vettonica
1016 2165 1091 2225 alias

13 2294 14 2297 ,
96 2253 194 2328 gravis
210 2250 358 2310 stomacho
374 2250 443 2310 vitia
461 2259 554 2310 tamen
570 2259 650 2311 sanat
668 2258 736 2328 pota
756 2248 804 2308 vel
822 2249 900 2309 loliis
916 2248 1086 2308 conmandu-

62 2344 176 2410 rsoata,
193 2334 259 2393 item
276 2333 463 2395 aristolochia
480 2343 564 2412 pota,
589 2335 736 2410 agaricum
753 2331 950 2392 manducatum
966 2333 1086 2407 siccum,

96 2427 126 2476 ut
141 2435 178 2477 ex
193 2417 345 2477 intervallo
363 2434 471 2476 merum
488 2415 656 2491 sorbeatur,
672 2414 831 2494 nymphaea
845 2414 980 2476 Heraclia
997 2416 1086 2491 inlita,

97 2499 257 2578 peucedani
272 2517 368 2558 sucus.
404 2498 535 2573 Psyllion
556 2496 707 2557 ardoribus
725 2499 886 2575 inponitur,
913 2496 960 2556 vel
975 2498 1086 2570 cotyle-

94 2582 152 2642 don
171 2582 236 2639 trita
253 2599 314 2640 curn
331 2580 449 2658 polenta
463 2579 513 2638 vel
526 2583 647 2639 aizoum.
1016 2647 1018 2651 ¹

158 2664 242 2740 (19.)
261 2662 361 2724 llolon
380 2679 472 2740 scapo
493 2670 537 2722 est
557 2663 675 2735 striato,
701 2662 780 2721 loliis
801 2660 951 2736 mollibus,
978 2662 1133 2740 parvis,33

57 2768 82 2809 so
94 2746 192 2806 radice
210 2743 264 2804 llll
279 2744 429 2823 digitorum
452 2744 480 2804 in
495 2762 550 2824 gua
564 2752 693 2805 extrema
708 2745 746 2804 ali
768 2753 853 2822 eaput
872 2753 926 2804 est.
968 2753 1088 2805 vocatur

93 2827 292 2908 aquibusdam
307 2847 405 2904 syron.
448 2847 484 2888 ex
501 2829 568 2889 vino
584 2828 733 2888 stomacho
756 2838 785 2888 et
801 2827 969 2906 dyspnoeae
989 2827 1086 2888 mede·

93 2922 154 2988 tur,
184 2915 359 2974 centaurium
373 2913 462 2973 maius
483 2911 652 2990 ecligmate,
679 2913 816 2991 plantago
843 2929 914 2972 suco
937 2912 985 2972 uel
1007 2911 1085 2987 cibo,

92 2995 265 3056 vettonicae
288 3005 388 3056 tunsae
415 2996 511 3074 pondo
534 2996 623 3071 libra,
652 2995 746 3056 mellis
774 2995 863 3055 Attici
883 2995 1027 3056 semuncia
1050 3013 1088 3055 ex

93 3094 166 3155 equa
189 3078 281 3139 calida
307 3078 413 3140 cotidie
442 3078 624 3155 bibentibus,
652 3078 839 3139 aristolochia
864 3079 912 3140 vel
940 3080 1086 3156 agaricum

58 3175 85 3217 as
97 3161 193 3221 obolis
208 3163 299 3236 ternis
314 3180 352 3221 ex
366 3178 439 3240 aqrra
456 3160 549 3222 calida
567 3169 614 3221 aut
636 3161 713 3222 lacte
730 3162 799 3222 asini
818 3170 925 3240 potum.
970 3160 1083 3221 Gissan·
1096 3172 1130 3225 31

95 3244 206 3304 themos
221 3244 257 3305 ad
276 3244 473 3323 orthopnoeas
486 3243 602 3319 bibitur,
620 3246 687 3304 item
702 3243 843 3322 hysopum
859 3254 888 3305 et
903 3237 1087 3321 asthmaticis,
1153 3302 1158 3310 ,

95 3327 255 3405 peucedani
276 3345 362 3389 sucus
389 3327 418 3386 in
437 3326 575 3386 iocineris
598 3325 748 3387 doloribus
769 3335 798 3386 et
823 3328 953 3405 pectoris
974 3325 1087 3386 lateris·

96 3428 169 3488 qne,
199 3411 223 3470 si
251 3410 349 3470 febres
372 3426 430 3469 non
456 3409 520 3467 sint.
555 3409 720 3487 sanguinem
745 3426 860 3487 quoque
881 3409 1097 3487 exspuentibus
