2400 3840
132 159 172 220 10
483 171 790 221 commemorer

132 325 251 385 deorum
274 327 405 403 potentia
424 343 514 406 posse
534 327 739 404 pronuntiavit.
770 333 855 386 vetus
872 327 1040 405 copiosiore
1056 345 1130 406 aqua

130 411 268 468 miscetur
282 410 430 487 magisque
446 411 554 470 urinam
569 407 708 486 expellit,
726 411 817 469 minus
833 410 881 468 siti
896 411 1016 470 resistit.
1044 410 1129 472 dulce

130 495 221 551 minus
237 491 376 567 inebriat,
397 493 450 552 sed
466 492 613 552 stomacho
630 493 754 569 innatat,
769 492 1043 553 austerumlacillus
1060 511 1129 554 con·

87 585 122 640 39
132 577 274 653 coquitur.
306 574 482 636 levissimum
497 574 634 653 estquod
652 575 804 636 celerrime
822 576 1009 637 inveteratur.
1035 578 1128 638 minus

129 660 248 719 infestat
272 656 379 718 nervos
405 658 482 737 quod
502 666 649 719 vetustate
674 658 823 719 dulcescit.
867 658 1016 721 stomacho
1036 661 1153 722 minuss

129 741 201 802 utile
225 750 270 802 est
293 742 419 819 pingue,
440 743 569 820 nigrum,
590 742 643 802 sed
659 759 786 820 corpora
800 744 891 819 magis
906 742 965 803 alit.
995 750 1083 804 tenue
1099 752 1129 804 et

130 833 276 887 austerum
296 826 387 884 minus
409 825 476 902 alit,
497 827 587 903 magis
614 825 790 886 stomachum
803 828 901 886 nutrit.
932 823 1058 887 celerius
1076 845 1129 905 per

129 911 240 968 urinam
261 909 379 985 transit,
404 917 483 969 tanto
508 910 598 986 magis
617 911 711 988 capita
727 917 855 988 temptat.
890 909 947 970 hoc
962 911 1036 971 etin
1053 912 1128 971 omni

85 992 188 1054 soatio
212 1008 281 1050 suco
304 991 395 1052 semel
416 992 521 1052 dictum
545 994 591 1052 sit.
623 994 718 1053 vinum
740 995 817 1054 lumo
842 994 1034 1054 inveteratum
1055 995 1129 1055 insa·

131 1075 325 1135 luberrimum.
367 1093 525 1154 mangones
539 1078 595 1136 ista
611 1080 641 1135 in
656 1077 807 1154 apothecis
823 1078 1050 1154 excogitavere,
1073 1078 1162 1142 iamne

132 1167 162 1219 et
190 1158 412 1236 patresfamilias
436 1168 561 1221 aetatem
585 1159 691 1220 addunt
715 1160 759 1220 his
787 1178 860 1238 quae
888 1178 942 1238 per
968 1179 1001 1220 se
1021 1161 1129 1222 cariem

131 1250 256 1302 traxere.
289 1258 347 1320 quo
363 1250 444 1304 certe
458 1243 600 1303 vocabulo
616 1245 685 1303 satis
702 1243 806 1303 consili
819 1243 928 1305 dedere
940 1245 1040 1321 prisci,
1059 1261 1129 1322 quo·

130 1327 204 1385 niam
224 1335 253 1386 et
276 1327 306 1384 in
329 1328 457 1387 materiis
479 1328 586 1387 cariem
607 1327 699 1388 tumus
718 1327 831 1404 erodit,
862 1335 890 1387 at
906 1345 960 1387 nos
977 1326 1128 1387 ediverso

129 1410 197 1469 iuml
214 1410 400 1472 amaritudine
414 1418 590 1472 vetustatem
602 1410 679 1471 indui
691 1429 862 1490 persuasum
872 1409 1019 1470 habemus.
1045 1407 1128 1482 Quae

129 1501 195 1552 sunt
216 1493 365 1554 admodum
385 1494 534 1571 exalbida,
556 1494 629 1554 haec
644 1503 790 1555 vetustate
813 1493 940 1554 salubria
958 1494 1036 1554 liunt.
1069 1511 1127 1571 quo
1140 1515 1163 1555 rs

128 1579 303 1653 generosius
323 1578 419 1637 vinum
442 1586 505 1653 est,
521 1577 588 1638 ¹hoo
606 1580 697 1655 magis
713 1584 859 1637 vetustate
881 1578 1037 1637 crassescit
1052 1586 1083 1637 et
1097 1579 1127 1639 in

130 1660 346 1719 amaritudinem
366 1663 485 1738 corpori
507 1663 629 1720 minume
645 1660 745 1720 utilem
760 1662 827 1721 coit.
859 1661 979 1721 condire
997 1678 1034 1720 eo
1051 1660 1128 1721 aliud

129 1743 221 1801 minus
243 1759 381 1803 annosum
404 1743 552 1805 insalubre
573 1752 628 1804 est.
659 1762 710 1803 sua
732 1746 835 1823 cuique
853 1745 921 1804 vino
940 1744 1031 1805 saliva
1046 1745 1128 1804 inno·

129 1827 311 1902 certissima,
329 1844 380 1886 sua
397 1829 500 1905 cuique
519 1836 599 1887 aetas
619 1828 800 1905 gratissima,
816 1826 872 1888 hoc
888 1835 935 1888 est
952 1826 1054 1887 media.

83 1919 119 1970 tl
195 1907 274 1988 (23.)
304 1907 416 1988 Corpus
438 1929 547 1988 augere
562 1911 728 1972 volentibus
750 1919 798 1971 aut
817 1910 932 1971 mollire
950 1910 1046 1971 alvom
1061 1925 1163 1971 con-ao

130 1992 208 2052 ducit
224 1994 300 2054 inter
318 1995 401 2054 cibos
418 1995 540 2071 bibere,
555 2003 655 2056 contra
671 1995 864 2056 minuentibus
880 1993 1032 2072 alvomque
1049 1994 1129 2055 cobi-

129 2076 265 2136 bentibus
293 2079 375 2138 sitire
404 2080 433 2138 in
460 2079 591 2155 edendo,
617 2087 722 2157 postea
749 2096 848 2156 parum
875 2077 988 2138 bibere.
1032 2079 1128 2138 vinum

128 2161 241 2220 ieiunos
264 2161 367 2222 bibere
390 2163 506 2222 novicio
528 2164 647 2223 invento
662 2161 875 2224 inutilissimum
892 2170 938 2223 est
953 2162 1029 2221 curis
1045 2162 1129 2239 vigo·

128 2260 248 2320 remque
273 2245 355 2303 animi
378 2244 420 2305 ad
442 2246 621 2323 procinctum
641 2245 843 2321 tendentibus,
875 2262 976 2305 somno
1000 2262 1074 2304 vero
1096 2263 1129 2304 ac

128 2327 333 2387 securitatibus
354 2327 513 2388 iamdudum
533 2328 589 2389 hoc
609 2329 663 2389 luit
680 2329 757 2407 quod
773 2328 927 2390 Homerica
948 2328 999 2389 illa
1015 2327 1162 2394 Helenett

128 2418 195 2468 ante
211 2410 306 2470 cibum
320 2412 500 2472 ministravit.
537 2414 580 2472 sic
595 2429 710 2491 quoque
729 2414 758 2472 in
773 2413 961 2491 proverbium
976 2413 1067 2472 cessit
1082 2430 1127 2472 sa-

83 2501 119 2554 42
129 2495 266 2571 pientiam
285 2496 353 2555 vino
376 2495 548 2556 obumbrari.
582 2495 659 2556 Vino
679 2495 817 2557 debemus
832 2496 962 2556 homines
979 2495 1056 2573 quod
1072 2495 1127 2556 soli

129 2577 289 2637 animalium
310 2596 368 2640 non
391 2580 526 2640 sitientes
549 2580 681 2641 bibimus.
714 2598 804 2658 aquae
820 2588 920 2658 potum
936 2581 1127 2656 interponere

129 2661 326 2739 utilissimum,
351 2665 479 2742 itemque
501 2665 561 2741 iugi
580 2662 783 2742 superbibere.
822 2663 995 2724 ebrietatem
1012 2661 1127 2740 quidem

82 2751 119 2806 43
129 2744 253 2820 frigidae
278 2755 364 2823 potus
392 2747 539 2825 extemplo
567 2747 692 2806 discutit.
736 2748 859 2807 meracis
881 2745 1049 2825 potionibus
1073 2756 1162 2824 perte

128 2828 231 2904 viginti
252 2827 315 2887 dies
339 2839 405 2889 ante
427 2832 505 2890 canis
528 2837 620 2888 ortum
635 2829 813 2908 totidemque
830 2838 935 2909 postea
952 2829 1053 2891 suadet
1071 2826 1128 2889 lle·

128 2910 228 2971 siodus
243 2912 292 2969 uti.
327 2930 436 2972 merum
451 2912 565 2990 quidem
579 2913 709 2972 remedio
725 2922 771 2973 est
787 2922 887 2974 contra
903 2915 1028 2989 cicutas,
1053 2913 1129 2975 eori-

127 2993 260 3071 andrum,
276 2997 404 3072 aconita,
421 2998 546 3072 viscum,
562 2998 739 3072 meconium,
755 3006 907 3075 argentum
921 2998 1036 3073 vivom,
1052 2997 1128 3074 apis,

116 3094 249 3155 vespas,
281 3078 457 3155 crabrones,
485 3079 653 3158 phalangia,
679 3083 857 3159 serpentium
883 3081 1128 3158 scorpionumque

126 3161 199 3220 ictus
222 3169 379 3240 contraque
404 3165 497 3224 omnia
522 3181 596 3241 quae
618 3165 818 3242 refrigerando
844 3172 967 3241 nocent,
992 3165 1160 3242 privatimtt

126 3253 227 3305 contra
248 3245 500 3323 haemorrhoidas,
527 3255 696 3326 presteras,
724 3249 848 3326 fungos,
875 3249 945 3329 item
965 3255 1065 3308 eontra
1087 3248 1129 3305 in·

127 3327 260 3389 dationes
276 3330 470 3409 rosionesque
487 3331 724 3410 praecordiorum
739 3340 768 3391 et
785 3349 905 3410 quorum
923 3329 1088 3392 stomachus
1100 3330 1130 3390 in

128 3414 304 3475 vomitiones
327 3413 499 3492 effunditur,
524 3425 554 3476 et
571 3417 595 3475 si
612 3424 717 3494 venter
732 3424 780 3475 aut
795 3417 945 3475 interanea
960 3413 1130 3474 rheumatis·
