2400 3840
288 206 369 253 unu.
384 204 476 253 msa.
493 203 617 252 xxurn.
634 202 678 256 14.
693 204 736 257 15.
753 192 903 273 (εδ-60.)
1049 193 1108 256 196

116 359 269 438 surgendi,
292 358 403 419 tollitur
418 367 490 436 poto
506 359 581 419 lacte
600 357 729 434 asinino,
754 361 821 419 inem
839 359 957 419 bubulo.
1001 359 1108 420 taenia·

115 461 177 504 rum
193 459 302 520 genera
321 440 406 521 pellit
427 443 536 501 cervini
559 459 667 502 cornus
687 444 757 502 ciuis
780 452 876 522 potus.
914 460 988 520 quae
1010 445 1039 502 in
1059 461 1108 504 aa*

116 527 269 587 crementis
285 525 344 605 lupi
360 524 483 585 diximus
498 526 620 585 inveniri
644 541 729 602 ossa,
754 528 779 586 si
800 535 909 586 terram
926 542 984 585 nou
1004 527 1151 604 attiqe-ua

114 611 180 685 rint,
198 609 266 670 colo
281 610 431 670 medentur
444 608 598 685 adalligata
613 609 761 670 bracchio.
787 610 875 689 polea
891 627 1007 689 quoque
1021 628 1152 688 suprascc

87 694 190 754 adua
210 709 390 770 magnopere
412 692 533 771 prodest
555 694 584 752 in
606 710 677 771 sapa
699 693 838 771 decocta,
864 695 931 754 item
953 694 1030 753 suilli
1051 694 1109 753 limi

114 777 207 837 iarina
220 776 317 837 addito
331 777 444 835 cumino
459 779 488 836 in
504 793 577 854 aqua
594 787 676 837 rutae
692 777 851 854 decoctae,
873 794 978 837 cornus
999 777 1109 836 cervini

114 861 208 920 teneri
223 861 294 919 cinis
318 859 429 919 cocleis
443 859 589 920 Africanis
611 878 674 920 cum
688 869 763 921 testu
779 879 830 921 sua
850 862 941 921 tunsis
961 862 1066 920 mixtus
1081 860 1110 918 in

114 942 172 1001 vini
188 945 314 1020 potione.

181 1028 227 1086 15.
251 1026 337 1105 (60.)
355 1025 482 1087 Vesicae
497 1025 731 1105 calculorumque
748 1028 923 1089 cruciatibus
937 1023 1088 1088 auxiliatur
1100 1034 1151 1092 tlh

78 1111 194 1174 1ouriua
210 1112 272 1190 apri
290 1111 394 1188 etipsa
408 1111 508 1169 vesica
525 1127 579 1187 pro
594 1109 662 1168 cibo
678 1120 800 1189 sumpta,
817 1111 975 1188 efficacius,
991 1112 1015 1170 si
1030 1113 1109 1190 prius

114 1194 191 1253 iumo
214 1201 379 1253 maceretur
401 1202 561 1270 utrumque.
590 1194 719 1252 vesicam
741 1194 845 1254 elixam
866 1194 961 1254 mandi
982 1202 1109 1272 oportet,

115 1286 145 1336 et
158 1294 174 1335 a
188 1276 308 1335 muliere
324 1274 448 1334 feminac
466 1277 535 1334 suis.
566 1276 746 1335 inveniuntur
762 1285 791 1336 et
811 1279 839 1335 in
860 1276 1036 1337 iocineribus
1058 1293 1107 1337 eo·

114 1377 176 1420 rum
188 1357 281 1436 lapilli
296 1366 344 1417 aut
360 1357 482 1418 duritiae
497 1357 605 1436 lapillis
617 1357 736 1436 similes,
754 1359 903 1435 candidae,
916 1362 989 1420 sicut
1004 1360 1032 1418 in
1047 1359 1109 1418 vol·

114 1444 177 1520 gari
194 1460 257 1517 sue,
274 1439 376 1518 quibus
392 1440 525 1501 counitio
545 1449 632 1519 atque
645 1443 723 1520 potis
746 1443 774 1501 in
798 1443 865 1502 vino
883 1442 955 1520 pelli
978 1441 1109 1501 calculos

79 1551 104 1591 us
118 1528 204 1586 aiunt.
239 1525 295 1602 ipsi
305 1540 384 1601 apro
406 1533 463 1584 tam
484 1525 583 1600 gravis
605 1525 685 1585 urina
704 1534 750 1584 est
773 1532 802 1584 ut
820 1525 875 1584 uisi
897 1533 998 1602 egesta
1020 1525 1110 1600 fugae

114 1626 171 1669 non
186 1607 311 1667 sufficiat
322 1624 357 1666 ac
366 1607 456 1667 veluti
467 1607 617 1667 devinctus
633 1610 819 1686 opprimatur,
835 1611 917 1668 exuri
929 1607 982 1669 'illa
996 1607 1111 1667 tradunt

115 1710 178 1753 eos.
211 1691 322 1770 leporis
337 1709 424 1751 renes
438 1693 590 1751 inveterati
612 1691 640 1750 in
662 1694 729 1752 vino
747 1694 807 1771 poti
823 1691 953 1752 calculos
968 1690 1089 1771 pellunt.
1098 1700 1151 1757 213

114 1780 142 1835 iu
157 1794 246 1854 perna
270 1790 350 1836 suum
365 1775 504 1836 articulos
528 1793 595 1836 esse
614 1775 736 1836 diximus
752 1794 873 1855 quorum
892 1776 1045 1836 decoctum
1063 1775 1150 1834 iussn

113 1861 183 1920 iacit
197 1862 297 1919 urinae
312 1859 391 1919 utile.
413 1860 485 1920 asini
499 1877 585 1920 renes
598 1862 749 1921 inveterati
761 1862 876 1938 tritique
892 1878 930 1918 ex
944 1860 1011 1919 uiuo
1026 1873 1107 1918 mero

77 1965 104 2006 ao
113 1944 171 2004 dati
187 1945 305 2003 vesicae
319 1942 478 2002 medentur.
509 1943 637 2004 calculos
651 1944 801 2024 expellunt
814 1943 945 2004 lichenes
960 1942 1056 2020 equini
1071 1958 1109 2000 ex

112 2029 180 2086 vino
194 2036 243 2086 aut
256 2027 349 2086 mulso
364 2028 426 2104 poti
442 2026 544 2086 diebus
560 2025 620 2086 XL.
656 2027 776 2105 prodest
796 2036 825 2086 et
845 2026 971 2103 ungulae
986 2025 1108 2102 equinae

113 2111 185 2170 cinis
200 2112 228 2168 in
248 2112 316 2170 vino
332 2118 485 2188 antequa,
505 2111 573 2170 item
589 2109 685 2170 limum
698 2128 848 2188 caprarum
862 2112 892 2169 in
910 2109 1021 2184 mulso,
1046 2107 1108 2166 eill-

113 2196 211 2253 cacius
235 2193 425 2269 silvestrium,
449 2193 500 2272 pili
523 2212 639 2273 quoque
663 2195 772 2273 caprini
799 2195 889 2270 cinis,
915 2191 1108 2252 verendorum

113 2277 295 2337 carbunculis
316 2275 468 2336 cerebrum
484 2278 547 2356 apri
566 2277 616 2337 vel
635 2279 694 2337 suis
716 2278 900 2355 sanguisque.
933 2277 1000 2336 vitia
1015 2291 1087 2335 vero
1098 2284 1151 2339 214

78 2377 103 2416 25
114 2378 188 2439 quae
211 2363 241 2420 in
255 2359 356 2420 eadem
373 2369 456 2439 parte
476 2369 596 2439 serpunt
620 2361 701 2421 iocur
721 2377 820 2421 eorum
835 2360 1031 2435 combustum,
1049 2377 1107 2419 ma·

111 2462 196 2503 sume
211 2445 325 2521 iunipiri
342 2444 433 2519 ligno,
450 2461 513 2502 cum
527 2443 625 2502 charta
643 2454 672 2503 et
683 2444 836 2503 arrhenico
851 2452 942 2518 sanat,
954 2444 1012 2503 limi
1025 2444 1107 2518 cinis,

110 2527 152 2586 iel
168 2525 303 2584 bubulum
327 2542 390 2584 cum
412 2526 533 2585 alumine
552 2524 700 2602 Aegyptio
722 2544 757 2586 ac
772 2544 867 2586 murra
887 2525 923 2584 ad
943 2524 1107 2584 crassitudi-

111 2626 177 2668 uem
192 2606 287 2667 mellis
304 2607 468 2682 subactum,
485 2609 604 2685 insuper
627 2606 693 2669 beta
715 2627 753 2668 ex
777 2610 844 2668 vino
867 2617 951 2668 cocta
972 2607 1107 2684 inposita,

112 2707 182 2752 caro
201 2707 333 2768 quoque,
356 2692 496 2750 manantia
514 2707 585 2749 vero
601 2691 698 2751 ulcera
722 2691 821 2752 sebum
836 2709 898 2752 cum
917 2689 1043 2750 medulla
1065 2689 1105 2747 vi·

76 2775 163 2835 aotnli
179 2775 206 2832 in
221 2774 288 2833 vino
304 2773 469 2850 decoctum,
490 2773 530 2833 iel
547 2775 693 2852 caprinum
708 2793 770 2835 cum
787 2774 873 2835 melle
888 2774 1007 2852 rubique
1025 2791 1106 2849 suco,

112 2859 160 2918 vel
182 2858 207 2917 si
227 2866 361 2937 serpant,
384 2857 478 2917 limum
501 2858 584 2917 etiam
606 2859 749 2937 prodesse
767 2877 830 2918 cum
850 2859 937 2918 melle
952 2857 1040 2918 ciant
1059 2866 1107 2919 ant

113 2960 177 3002 oum
191 2951 276 3001 aceto
294 2951 323 3000 et
346 2960 401 3021 per
422 2960 455 3001 se
477 2941 619 3017 butyrum.
649 2941 776 3003 Testium
793 2951 887 3003 tumor
909 2941 982 3002 sebo
1004 2941 1148 3004 unulials

113 3026 209 3087 addito
232 3027 306 3085 nitro
324 3025 476 3086 cohibetur
495 3026 544 3085 vel
567 3027 633 3087 limo
655 3027 783 3086 eiusdem
805 3044 843 3086 ex
863 3036 948 3088 aceto
970 3026 1105 3086 decocto.

111 3109 219 3170 Urinae
236 3109 470 3170 incontinentiam
492 3109 611 3170 cohibet
626 3111 726 3171 vesica
750 3128 873 3190 apruna,
896 3112 920 3170 si
941 3128 1007 3170 assa
1028 3127 1104 3168 mau-

76 3209 102 3248 su
111 3193 203 3270 datur,
219 3192 387 3269 ungularum
403 3194 465 3271 apri
478 3193 528 3252 vel
543 3196 603 3253 suis
615 3195 686 3254 cinis
705 3196 815 3274 potioni
830 3196 990 3273 inspersus,
1007 3193 1106 3251 vesica

110 3279 234 3337 feminae
250 3278 309 3336 suis
325 3274 473 3337 combusta
489 3294 524 3336 ac
538 3286 623 3354 pota,
639 3279 706 3338 item
721 3278 821 3355 haedi,
835 3279 884 3338 vel
901 3276 1010 3355 pulmo,
1024 3292 1105 3334 cere·

111 3361 192 3419 brnm
204 3361 316 3438 leporis
326 3363 355 3420 iu
367 3362 446 3435 uiuo,
461 3358 588 3420 eiusdem
598 3361 724 3421 testiculi
736 3363 805 3423 tosti
815 3361 864 3420 vel
876 3359 1028 3436 coagulum
1041 3375 1107 3418 cum

112 3446 247 3503 anserino
264 3444 349 3523 adipe
365 3444 394 3504 in
406 3445 534 3523 polenta,
550 3462 637 3514 renes
649 3445 751 3505 asinini
769 3447 797 3504 in
809 3444 959 3586 meropqiq
975 3443 1113 3519 potique.
