2400 3840
150 168 187 230 18
489 183 518 232 c.
533 184 631 233 surm
648 183 798 234 succum

151 341 314 420 emplastris
331 340 401 399 utile
417 340 520 400 faciem
535 347 648 417 purgat.
678 338 771 399 bubus
787 339 910 398 inlusum
925 356 979 416 per
994 340 1083 416 naris,
1098 340 1150 401 do·

106 436 140 490 82
152 443 205 486 nec
224 433 351 501 ructent,
369 423 545 483 inflationem
560 423 651 481 sedat.
681 429 765 484 retus
781 429 876 481 autem
889 422 979 499 magis
996 423 1150 484 excalfacit

147 526 272 588 corpora
293 509 443 585 magisque
464 506 581 566 discutit
597 504 740 581 sudores,
761 506 880 565 duritias
895 507 986 584 magis
1006 505 1149 584 diffundit,

148 593 317 669 lethargicis
340 591 480 651 auxiliare
503 598 532 649 et
555 589 693 650 inclinato
711 589 822 649 morbo.
853 589 1002 649 oculorum
1025 589 1148 652 claritati

148 676 263 736 confert
278 675 385 752 aliquid
402 692 465 734 cum
481 675 618 752 portione
632 671 726 732 mellis
742 673 851 751 acapni
881 673 985 751 capitis
996 673 1173 738 doloribuss

148 760 306 821 remedium
323 766 385 832 est,
410 759 480 817 item
495 755 646 817 ardoribus
661 757 692 815 in
707 756 784 816 febri
802 773 866 816 cum
879 774 960 834 aqua.
994 759 1018 816 si
1039 762 1148 818 vetusti

124 889 129 896 .
148 862 206 904 non
225 845 263 902 sit
280 844 414 918 occasio,
430 841 603 918 decoquitur
618 849 649 898 ut
665 847 840 900 vetustatem
857 849 1070 918 repraesentet.

104 937 139 992 83
215 927 298 1005 (41.)
332 923 434 985 Oleum
450 925 570 984 cicinum
587 923 696 984 bibitur
711 924 747 984 ad
762 925 951 1002 purgationes
962 927 1074 985 ventris
1087 944 1150 986 curn

148 1011 208 1089 pari
234 1009 334 1069 caldae
353 1026 495 1070 mensura.
541 1008 674 1086 privatim
697 1008 800 1068 dicitur
822 1025 947 1086 purgare
968 1009 1147 1086 praecordia.

147 1094 270 1172 prodest
286 1101 316 1153 et
331 1091 517 1152 articulorum
531 1092 652 1166 morbis,
670 1092 782 1152 duritiis
797 1091 939 1168 omnibus,
956 1091 1063 1168 volvis,
1075 1095 1148 1152 auri·
1158 1104 1184 1149 ao

148 1177 219 1252 bus,
246 1176 402 1252 ambustis,
433 1193 496 1235 cum
511 1177 610 1235 cinere
630 1192 702 1235 vero
719 1176 873 1252 muricum,
902 1174 1149 1236 sedisinllamma·
1185 1193 1188 1196 ⁴

148 1260 275 1320 tionibus
285 1280 299 1336 ,·
318 1261 389 1320 item
410 1275 526 1337 psorae.
560 1258 690 1319 colorem
712 1261 785 1318 cutis
810 1259 988 1319 commendat
1005 1258 1149 1337 capillum-

148 1362 205 1422 que
226 1343 316 1404 lertili
336 1353 437 1403 natura
455 1350 566 1404 evocat.
603 1360 709 1403 semen
727 1361 765 1402 ex
784 1360 842 1421 quo
868 1343 899 1401 lit
924 1341 1000 1402 nulla
1022 1344 1147 1403 animans

104 1437 139 1493 84
149 1429 272 1506 attingit.
304 1427 446 1504 ellychnia
461 1445 499 1487 ex
514 1445 568 1488 uva
584 1427 653 1486 frunt
669 1426 807 1487 claritatis
821 1428 1007 1505 praecipuae,
1024 1445 1062 1487 ex
1080 1427 1147 1487 oleo

146 1511 242 1571 lumen
270 1512 424 1571 obscurum
450 1520 573 1589 propter
594 1512 706 1569 nimiam
727 1509 963 1589 pinguitudinem.
996 1509 1068 1571 folia
1088 1512 1148 1588 igni
1159 1524 1184 1564 1⁵

148 1611 231 1654 sacro
248 1594 405 1653 inlinuntur
421 1611 460 1653 ex
477 1603 580 1669 aceto,
598 1611 653 1672 per
669 1613 701 1654 se
718 1602 813 1654 autem
832 1595 963 1654 recentia
978 1594 1104 1658 mammis
1119 1602 1150 1654 et

148 1677 317 1755 epiphoris,
342 1677 442 1737 eadem
460 1669 581 1736 decocta
603 1678 632 1735 in
653 1678 722 1736 vino
738 1677 1006 1738 inflammationibus
1024 1695 1086 1737 cum
1098 1695 1150 1756 po-

147 1759 242 1836 lenta,
263 1777 369 1836 croco,
386 1778 441 1838 per
456 1779 488 1819 se
507 1768 602 1819 autem
621 1760 716 1820 triduo
731 1762 857 1840 inposita
872 1761 975 1820 faciem
991 1769 1123 1840 purgant.

104 1853 139 1907 85
210 1842 292 1922 (42.)
324 1841 426 1903 Oleum
442 1843 651 1920 amygdalinum
665 1853 780 1922 purgat,
795 1843 889 1918 mollit
901 1861 1036 1923 corpora,
1053 1852 1149 1906 autern

148 1935 267 2004 erugat,
293 1929 416 1987 nitorem
434 1927 628 2004 commendat,
656 1946 742 1987 varos
758 1946 821 1988 cum
834 1926 922 1988 melle
940 1927 1016 1988 tollit
1032 1946 1048 1988 e
1063 1928 1147 1988 facie.
1158 1952 1185 1992 eo

147 2011 270 2090 prodest
298 2019 328 2070 et
354 2010 472 2070 auribus
499 2029 562 2070 oum
588 2029 712 2071 rosaceo
739 2020 769 2072 et
793 2011 881 2072 melle
906 2021 936 2071 et
963 2011 1028 2071 mali
1051 2013 1148 2089 punici

148 2096 276 2172 tegmine
293 2095 455 2171 decoctum,
473 2095 706 2173 vermiculosque
722 2097 751 2154 in
766 2095 810 2154 his
827 2103 913 2156 necat
931 2103 961 2156 et
975 2095 1150 2173 gravitatem

148 2177 259 2236 auditus
286 2178 418 2253 discutit,
449 2196 539 2238 sonos
564 2181 693 2239 incertos
714 2188 744 2238 et
764 2181 898 2255 tinnitus,
924 2179 1020 2239 obiter
1045 2179 1167 2257 capitis

148 2259 267 2320 dolores
284 2270 313 2321 et
331 2261 487 2321 oculorum.
515 2262 647 2322 medetur
661 2262 818 2324 furunculis
837 2270 867 2323 et
883 2279 899 2322 a
915 2262 980 2322 sole
995 2262 1068 2322 ustis
1087 2280 1150 2322 cum

148 2361 223 2403 cera.
255 2344 353 2405 ulcera
375 2346 516 2405 manantia
539 2355 568 2406 et
589 2346 716 2406 furfures
734 2365 797 2406 oum
814 2348 882 2406 vino
903 2332 1062 2424 expur'gat,
1081 2361 1185 2406 con-aa

147 2425 290 2503 dylomata
308 2445 370 2487 curn
392 2428 532 2489 meliloto.
566 2447 620 2508 per
644 2449 677 2490 se
697 2448 769 2491 vero
791 2432 878 2510 capiti
894 2430 1005 2491 inlitum
1019 2447 1151 2490 somnum

147 2511 252 2571 adlicit.

104 2605 138 2659 86
214 2597 294 2677 (43.)
326 2595 427 2658 Oleum
443 2597 582 2659 laurinum
598 2599 695 2659 utilius
713 2615 771 2676 quo
786 2599 934 2658 recentius
950 2615 1066 2675 quoque
1082 2599 1150 2656 viri·

147 2680 210 2740 dius
227 2681 337 2742 colore.
366 2684 411 2741 vis
428 2683 490 2742 eius
508 2683 730 2758 excalfactoria,
750 2691 780 2742 et
797 2681 865 2740 ideo
883 2680 1066 2759 paralyticis,
1083 2698 1150 2760 spa·

148 2766 248 2840 sticis,
271 2765 454 2842 ischiadicis,
476 2765 656 2843 suggillatis,
671 2767 774 2843 capitis
792 2764 958 2841 doloribus,
975 2765 1185 2824 inveteratisao

148 2844 409 2924 destillationibus,
430 2848 546 2907 auribus
567 2851 595 2907 in
619 2848 718 2925 calyce
735 2849 830 2927 punici
848 2848 997 2908 calfactum
1009 2847 1148 2907 inlinitur.

106 2937 140 2992 87
213 2930 295 3009 (44.)
330 2929 438 2991 Similis
463 2940 492 2990 et
512 2933 616 3007 myrtei
638 2931 696 2992 olei
719 2934 801 2992 ratio.
824 2933 993 3010 adstringit,
1017 2931 1149 3007 indurat,

148 3013 280 3075 medetur
299 3015 444 3091 gingivis,
473 3015 599 3075 dentium
620 3014 734 3093 dolori,
760 3015 954 3092 dysinteriae,
977 3014 1083 3074 volvae
1098 3032 1149 3073 ex-

147 3096 311 3174 ulceratae,
337 3099 462 3175 vesicis,
492 3098 637 3160 ulceribus
666 3101 786 3160 vetustis
813 3099 862 3158 vel
884 3098 1063 3159 manantibus
1085 3115 1149 3157 cum

128 3244 130 3248 ,
148 3198 263 3258 squama
279 3183 355 3241 aeris
372 3190 402 3242 et
419 3200 501 3260 cera,
519 3184 588 3243 item
604 3184 821 3262 eruptionibus,
836 3181 1073 3242 ambustionibus.
1107 3189 1182 3240 atat

148 3267 214 3323 trita
230 3274 310 3325 sanat
328 3273 357 3324 et
371 3267 508 3343 furfures,
524 3266 676 3344 rhagadas,
691 3267 902 3342 condylomata,
917 3264 1055 3325 articulos
1067 3262 1149 3323 luxa·

149 3357 206 3425 tos,
224 3348 625 3429 odoremgravemcorporis.
652 3351 821 3411 adversatur
832 3349 1001 3425 cantharidi,
1012 3347 1147 3427 bupresti

148 3431 270 3510 aliisque
284 3432 365 3492 malis
381 3433 595 3494 medicamentis
612 3452 686 3514 quae
701 3433 895 3496 exulcerando
910 3440 1026 3495 nocent.
