2386 3840
148 158 189 218 50
489 170 519 220 c.
534 172 630 219 numu
648 170 799 220 sncunur

151 333 229 385 tetur
250 333 345 386 tamen
368 333 495 405 propter
514 324 688 385 miraculum.
715 325 835 385 scobem
858 327 921 385 cius
945 326 1039 386 oculis
1063 331 1151 391 nnicc

149 408 260 468 mederi
275 408 383 485 dicunt,
400 408 541 488 lignoque
556 410 592 469 ad
606 417 702 469 cotem
717 411 787 468 trito
807 427 871 468 curn
887 425 976 488 passo
993 410 1152 489 caliginem

149 492 270 569 discuti,
293 511 332 553 ex
351 511 424 571 aqua
448 510 522 552 uero
543 493 640 553 radice
655 491 808 570 albugines
825 492 986 568 oculorum,
1002 495 1074 555 item
1092 504 1153 557 tus·

150 578 204 636 sim
220 579 283 656 pari
298 576 385 636 modo
401 575 564 636 dracunculi
581 576 686 637 radicis
709 576 824 636 adiecto
846 594 911 636 omn
928 575 1027 639 melle.
1058 578 1152 641 hcb'e·

149 678 215 719 uum
225 659 328 720 medici
345 668 375 719 et
390 661 465 719 inter
480 659 631 720 erodentia
646 659 803 720 adsumunt.
1161 677 1174 717 t

108 755 144 808 90
218 744 299 823 (53.)
326 742 560 803 Rhododendros
576 762 613 803 nc
628 760 733 804 nomen
747 743 862 822 quidem
877 744 953 824 apud
968 763 1023 805 nos
1036 740 1151 809 invenit

150 826 298 902 latinum,
317 825 544 906 rhododaphnen
560 834 664 886 uocant
680 834 728 886 aut
741 828 862 887 nerium.
878 829 980 888 mirum
996 829 1069 891 iolla
1085 832 1150 893 eius

151 909 358 987 quadripedum
380 928 524 970 uenenum
549 929 629 985 esse,
648 909 757 969 homini
777 927 851 970 vero
873 919 975 972 contra
998 916 1150 993 serpentis

150 993 326 1070 praesidium
346 1000 409 1052 ruta
430 993 525 1052 addita
540 1014 557 1054 e
570 995 638 1053 vino
654 1001 732 1072 pota.
762 1011 852 1072 pecus
878 997 965 1054 etiarn
981 1004 1013 1055 et
1029 1015 1149 1076 caprae,

151 1078 176 1135 si
191 1094 293 1153 aquam
309 1076 437 1136 biberint
451 1078 480 1135 in
497 1094 552 1154 qua
566 1076 637 1137 lolia
652 1094 686 1136 ea
700 1076 872 1153 maduerint,
889 1079 963 1137 mori
980 1079 1124 1141 dicuntur.
1159 1095 1182 1138 ro

108 1170 143 1225 91
207 1161 289 1240 (54.)
317 1158 381 1219 Nec
395 1160 464 1219 rhus
482 1159 612 1220 Latinum
627 1177 732 1220 nomen
747 1160 853 1237 habet,
866 1179 929 1220 cum
944 1162 973 1221 in
988 1180 1071 1223 usum
1086 1162 1151 1243 plu·

151 1243 232 1303 ribus
250 1243 342 1303 modis
361 1245 469 1304 ueniat
499 1262 563 1304 nam
582 1251 612 1304 et
627 1243 717 1303 herba
733 1251 779 1304 est
791 1242 948 1319 silvestris,
963 1244 1150 1324 loliismyrti,

152 1327 300 1387 cauliculis
319 1327 470 1403 breuibus,
487 1346 560 1406 quae
573 1329 684 1401 taenias
700 1325 800 1406 pellit,
831 1336 862 1388 et
882 1329 981 1388 lrutex
1003 1330 1150 1390 coriarius

152 1411 335 1490 appellatur,
351 1410 528 1488 subrutilus,
545 1410 694 1487 cubitalis,
712 1411 904 1470 crassitudine
920 1411 1051 1490 digitali,
1066 1415 1149 1473 culus

109 1504 144 1561 92
156 1497 243 1556 aridis
265 1495 345 1555 foliis
367 1502 398 1553 ut
418 1494 567 1555 malicorio
592 1496 672 1554 coria
693 1494 889 1573 perficiuntur.
921 1496 1027 1556 medici
1052 1504 1183 1558 cotenu

151 1578 260 1638 rhoicis
282 1586 400 1636 utuntur
413 1576 449 1636 ad
466 1586 625 1654 contunsa,
642 1579 711 1637 item
726 1576 874 1638 coeliacos
894 1586 926 1638 et
948 1578 1029 1640 sedis
1048 1579 1151 1641 ulcera

152 1668 201 1722 aut
227 1679 302 1739 quae
322 1659 526 1738 phagedaenas
552 1668 657 1721 vocant
679 1659 721 1694 *¹*
737 1663 805 1720 trita
826 1680 889 1721 cnm
910 1662 999 1723 melle
1021 1671 1052 1723 et
1067 1663 1151 1725 inlitu

152 1762 216 1805 cum
236 1751 331 1804 aceto.
360 1742 511 1803 decoctum
532 1761 632 1806 eornm
654 1744 808 1804 instillatur
837 1745 954 1806 auribus
975 1746 1149 1826 purulentis.

152 1829 184 1888 lit
200 1836 231 1888 et
246 1828 396 1887 stomatice
414 1826 544 1887 decoctis
559 1828 644 1888 ramis
659 1827 695 1888 ad
712 1827 813 1888 eadem
828 1847 901 1907 quae
920 1847 959 1889 ex
974 1831 1078 1907 rnoris,
1097 1829 1151 1891 scd

154 1912 302 1972 efficacior
326 1911 452 1971 admixto
481 1910 613 1971 alumine.
644 1911 773 1972 inlinitur
798 1911 899 1971 eadem
923 1912 1184 1993 hydropicorumao

152 1996 265 2056 tumori.

110 2091 145 2146 93
217 2080 298 2178 (55.)
327 2079 408 2139 Rbus
426 2081 473 2157 qui
492 2078 627 2156 erythros
642 2078 805 2157 appellatur
823 2097 923 2139 semen
934 2087 981 2140 est
993 2079 1080 2140 huius
1091 2080 1150 2142 fru-

152 2164 226 2223 ticis.
259 2165 317 2222 vim
341 2163 428 2223 habet
446 2162 643 2240 adstringendi
665 2161 924 2241 refrigerandique.
962 2163 1152 2242 adspergitur

153 2262 208 2326 pro
226 2244 288 2305 sale
308 2246 440 2325 opsoniis
456 2244 523 2304 alvo
542 2244 648 2322 soluta,
667 2248 818 2322 omnisque
836 2248 930 2305 carnis
953 2264 1017 2306 cum
1041 2246 1150 2327 silphio

154 2330 306 2389 suaviores
332 2331 409 2390 lacit.
442 2327 575 2389 medetur
599 2327 745 2389 ulceribus
767 2329 945 2388 manantibus
970 2347 1035 2390 curn
1048 2330 1182 2408 melles

153 2413 304 2491 asperitati
326 2413 457 2492 liuguae,
487 2414 654 2493 percussis,
683 2412 795 2489 lividis,
825 2413 1018 2490 desquamatis
1045 2414 1152 2476 eodem

152 2498 239 2559 modo
251 2500 384 2578 ,capitis
403 2497 524 2558 volnera
541 2497 576 2557 ad
589 2498 753 2556 cicatricem
769 2495 922 2556 celerrime
940 2496 1094 2576 perducit,
1108 2498 1151 2559 le-

153 2585 291 2643 minarum
305 2582 504 2643 abundantiam
520 2583 597 2641 sistit
612 2581 688 2641 cibo.

112 2673 147 2728 94
217 2666 299 2746 (56.)
331 2667 397 2726 Alia
412 2685 460 2726 res
476 2664 704 2741 erythrodanns,
720 2680 803 2741 quam
816 2662 904 2742 aliqui
921 2661 1150 2725 ereuthodanum

155 2758 278 2824 vocant,
294 2767 347 2808 nos
360 2749 487 2823 rubiam,
504 2766 559 2825 qua
577 2749 723 2824 tinguntur
736 2747 818 2807 lanae
829 2746 984 2826 pellesque
995 2746 1182 2825 perficiunao

156 2836 210 2888 tur.
243 2832 272 2889 in
287 2831 427 2891 medicina
442 2832 551 2890 urinam
563 2831 639 2907 ciet,
655 2830 784 2890 morbum
800 2831 912 2908 regium
926 2838 1007 2889 sanat
1023 2846 1062 2891 ex
1076 2848 1152 2909 aqua

155 2911 261 2989 mulsa,
276 2922 307 2974 et
321 2914 449 2974 lichenas
469 2931 507 2974 ex
521 2921 605 2974 aceto
620 2914 699 2974 inlita
714 2922 744 2973 et
759 2913 943 2991 ischiadicos,
959 2913 1150 2992 paralyticos,

157 2996 197 3056 ita
221 3003 252 3054 nt
274 2997 411 3058 bibentes
439 2997 571 3058 laventur
595 2999 711 3059 cotidie.
741 2996 824 3057 radix
850 3014 1007 3074 semenque
1033 2997 1150 3058 trahunt

156 3096 283 3157 menses,
299 3081 394 3142 alvorn
408 3083 512 3141 sistunt
527 3091 557 3142 et
572 3082 763 3154 collectiones
779 3080 942 3141 discutiunt.
973 3088 1077 3142 eontra
1088 3099 1151 3142 scr-

157 3166 254 3264 pentis
270 3166 339 3224 rami
355 3183 417 3224 cum
433 3163 536 3225 foliis
528 3174 710 3244 inponuntur.
737 3165 807 3227 lolia
822 3174 852 3225 et
864 3163 1018 3242 capillum
1009 3164 1181 3225 inlicientes

157 3249 275 3309 invenio
305 3249 379 3327 apud
402 3249 540 3326 quosdam
561 3248 692 3309 morbum
708 3250 819 3325 regium
841 3249 934 3307 sanari
952 3245 1010 3308 hoc
1030 3247 1149 3325 frutice,

159 3333 270 3392 etiamsi
285 3332 426 3410 adligatus
442 3339 590 3410 spectetur
604 3339 719 3392 tantum.

110 3428 149 3486 95
225 3417 306 3495 (57.)
339 3416 433 3476 Distat
452 3416 539 3476 abeo
556 3416 604 3494 qui
623 3414 742 3490 alysson
756 3423 878 3474 vocatur
895 3415 975 3475 foliis
994 3422 1104 3476 tantum
1119 3425 1150 3478 ct
