2400 3840
271 215 350 261 uer.
369 212 459 260 ausu.
476 211 600 260 xxvrn.
621 210 663 264 13.
682 209 724 263 14.
742 198 893 279 (ad—58.)
1025 198 1083 261 193

90 371 184 429 elixus
203 370 232 427 in
251 366 326 426 cibo.
358 369 386 424 in
403 366 502 425 vesica
524 381 640 443 quoque
657 364 741 424 bovis
765 364 802 424 ali
823 365 918 442 capita
932 362 988 424 XX
1002 373 1085 422 tunsa

91 470 154 514 oum
169 453 243 511 aceti
261 451 389 509 sextario
408 451 581 526 inponuntur
596 447 631 506 ad
647 449 730 507 lienis
747 448 874 507 dolores.
911 448 1013 507 cadem
1029 465 1065 506 ex
1076 457 1125 511 201

91 549 179 595 causa
213 535 268 593 emi
290 535 394 593 lienem
417 533 495 591 vituli
527 533 623 610 quanti
651 531 792 591 indicatus
823 534 858 590 sit
883 533 982 591 iubent
1007 531 1086 607 Magi

89 618 168 678 nulla
186 619 260 696 preti
278 616 476 691 cunctatione,
500 617 633 693 quoniam
649 614 705 674 hoc
727 632 842 694 quoque
863 615 1003 692 religiose
1019 632 1085 692 per·

63 705 195 780 ntineat,
218 700 396 778 divisumque
418 718 472 778 per
492 698 698 775 longitudinem
720 699 833 758 adnecti
857 701 969 758 tunicae
989 699 1084 758 utrim-

90 804 146 864 que
159 794 188 844 et
200 783 364 844 induentem
379 785 438 862 pati
453 782 590 842 decidere
606 782 641 841 ad
655 783 756 861 pedes,
773 782 838 842 dein
853 782 1008 842 collectum
1023 799 1085 841 are-

90 870 190 928 facere
212 867 361 926 inumbra.
400 885 462 927 cum
477 866 534 926 hoe
552 867 616 942 fiat,
632 866 714 925 simul
728 867 861 926 residere
878 866 982 925 lienem
1004 865 1084 941 aegri

90 954 217 1011 vitiatum
232 952 406 1028 liberarique
421 969 485 1010 eum
507 949 609 1008 morbo
618 941 741 1009 dicitur.
770 949 891 1027 prodest
907 949 1002 1028 pulmo
1023 946 1085 1008 vol·

92 1037 168 1114 pium
184 1036 282 1094 cinere
298 1035 423 1094 siccatus
436 1042 521 1111 atquc
535 1034 563 1090 in
579 1050 652 1109 aqua
667 1042 764 1110 potus,
776 1034 842 1092 item
857 1032 1014 1092 haedorum
1027 1031 1087 1091 lien

56 1120 243 1196 roinpositus.

156 1202 203 1260 14.
228 1201 311 1279 (58.)
334 1199 441 1259 ΑΙνοιη
453 1200 527 1257 sistit
543 1200 623 1257 cervi
636 1199 763 1274 sanguis,
776 1199 843 1256 item
859 1215 964 1257 cornus
980 1198 1063 1273 ciuis,
1076 1207 1132 1262 aaa

91 1289 173 1345 iocur
192 1301 331 1361 aprunum
352 1300 390 1342 cx
404 1283 472 1340 vino
490 1289 588 1358 potum
610 1284 680 1341 citra
702 1280 793 1339 salem
815 1298 995 1358 recensque,
1018 1282 1086 1339 item

92 1383 188 1426 assum
204 1365 317 1424 suillum
339 1366 388 1424 vel
410 1364 549 1423 hircinum
569 1365 721 1424 decoctum
744 1362 780 1422 ad
800 1363 925 1439 quintam
947 1364 1087 1423 heminam

92 1453 120 1509 in
134 1451 213 1522 vino,
234 1447 386 1524 coagulum
404 1448 516 1524 leporis
532 1450 561 1506 in
575 1449 643 1506 vino
660 1447 763 1505 ciceris
780 1445 975 1521 magnitudine
991 1454 1048 1520 ant,
1064 1448 1088 1505 si

56 1555 81 1594 rs
93 1532 184 1592 febris
201 1533 248 1605 sit,
264 1549 301 1589 en
316 1548 390 1608 aqua
404 1530 546 1609 -aliqui
561 1540 589 1589 et
603 1528 710 1606 gallam
722 1529 856 1606 adiciunt,
872 1529 920 1588 alii
931 1547 984 1607 per
999 1549 1031 1588 se
1047 1528 1086 1588 le·

92 1617 175 1695 poris
192 1615 331 1690 sanguine
349 1615 477 1674 contenti
494 1623 559 1673 sunt
575 1614 651 1673 lacte
669 1622 754 1673 cocto
769 1647 830 1688 -,
852 1615 948 1691 equini
970 1613 1027 1672 fimi
1049 1614 1087 1672 ci·

91 1703 136 1765 nis
156 1701 185 1757 in
208 1715 281 1775 aqua
303 1706 403 1776 potus,
427 1699 529 1757 taurini
548 1715 654 1757 cornus
676 1698 785 1757 veteris
809 1714 825 1755 e
847 1705 929 1775 parte
945 1696 998 1755 ima
1016 1697 1088 1755 cinis

91 1786 241 1861 inspersus
264 1783 375 1860 potioni
400 1800 492 1860 aquae
513 1782 630 1858 sanguis
653 1781 779 1841 hircinus
800 1781 829 1839 in
851 1778 979 1839 carbone
1000 1779 1088 1839 dcco·

54 1884 57 1890 ·
93 1876 172 1943 ctus,
196 1866 304 1925 corium
323 1867 470 1943 caprinum
492 1883 554 1924 cum
575 1883 627 1925 suo
646 1865 706 1943 pilo
723 1865 874 1924 decoctum
897 1879 969 1922 suco
987 1871 1086 1941 epoto.

57 1969 83 2009 ro
94 1949 252 2026 coagulum
274 1951 340 2026 equi
362 1958 392 2008 et
416 1950 535 2025 sanguis
555 1951 689 2026 caprinus
706 1946 753 2006 vel
775 1944 900 2004 medulla
919 1946 968 2005 vel
983 1947 1066 2004 iocur
1080 1955 1131 2009 203

94 2035 188 2094 alvom
204 2032 307 2107 solvit,
332 2031 373 2090 iel
393 2032 453 2109 lupi
477 2050 540 2090 eum
563 2031 685 2090 elaterio
708 2029 845 2088 umbilico
866 2028 1013 2104 inligatum
1039 2028 1089 2087 vel

94 2117 177 2176 lactis
193 2117 288 2193 equini
304 2124 407 2193 potus,
429 2117 498 2173 item
511 2115 620 2191 caprini
638 2131 700 2173 cum
720 2114 784 2172 sale
805 2119 834 2170 et
853 2112 956 2187 melle,
982 2128 1088 2190 caprae

93 2200 134 2258 iel
150 2217 213 2258 cum
234 2199 385 2273 cyclamini
400 2215 470 2259 suco
488 2207 518 2257 et
532 2197 662 2257 aluminis
676 2205 821 2256 momento
838 2227 880 2242 ·—
896 2195 984 2273 aliqui
1000 2204 1029 2254 et
1046 2197 1087 2254 ni·

94 2291 165 2340 trum
182 2291 210 2340 et
226 2300 326 2359 aquam
342 2281 486 2342 adiecisse
501 2281 608 2341 malunt
629 2317 687 2357 —,
707 2281 749 2340 lel
772 2280 845 2339 tauri
862 2278 1088 2361 oum-absinthio

58 2381 85 2419 25
95 2367 188 2425 tritum
204 2383 239 2424 ao
254 2365 396 2425 subditum
412 2366 540 2445 pastillo,
557 2365 688 2438 butyrum
697 2365 805 2440 largius
821 2372 971 2441 sumptum.
1000 2379 1068 2421 eoe-
1080 2373 1133 2427 204

94 2449 176 2509 liacis
192 2457 220 2506 et
236 2447 418 2522 dysintericis
432 2449 564 2508 medetur
581 2450 664 2505 iocur
679 2448 838 2521 vaccinum,
856 2462 960 2504 coruus
980 2446 1089 2504 cervini

95 2533 167 2590 cinis
183 2530 275 2589 tribus
292 2530 390 2607 digitis
409 2540 510 2608 captus
528 2531 556 2588 in
574 2531 692 2608 potione
708 2545 818 2605 aquae,
835 2528 989 2603 coagulum
1006 2528 1088 2605 lepo-

94 2617 134 2672 ris
150 2612 297 2672 snbaotum
311 2616 339 2671 in
356 2631 447 2690 pane,
472 2614 496 2671 si
519 2629 590 2670 vero
612 2614 777 2687 sanguinem
804 2609 968 2686 detrahant,
990 2612 1018 2667 in
1037 2626 1089 2688 po-

95 2698 184 2770 lenta,
200 2697 300 2771 apruni
313 2696 360 2755 vel
372 2695 447 2754 suilli
460 2696 507 2755 vel
523 2695 646 2772 leporini
656 2696 711 2753 limi
725 2694 796 2752 einis
811 2695 960 2771 inspersus
980 2693 1091 2770 potioni

58 2803 85 2844 so
96 2780 187 2858 tepidi
204 2779 269 2837 vini.
301 2779 380 2838 vituli
400 2796 515 2858 quoque
540 2779 584 2836 ius
600 2779 760 2854 volgariter
780 2777 874 2837 datum
897 2779 971 2836 inter
986 2777 1090 2836 auxilia

96 2863 292 2924 coeliacorum
316 2870 345 2921 et
367 2861 604 2937 dysintericorum
620 2862 742 2921 tradunt.
772 2861 856 2921 lactis
878 2860 981 2921 asinini
1004 2870 1089 2938 potus

94 2948 192 3007 utilior
207 2946 304 3006 addito
316 2945 413 3021 melle,
429 2964 485 3006 nee
498 2947 589 3006 minus
601 2946 707 3006 eilican
724 2945 781 3004 fimi
798 2947 870 3004 cinis
889 2963 926 3004 en
938 2947 1005 3005 vino
1020 2947 1087 3005 utri·

96 3047 152 3107 que
168 3030 253 3105 vitio,
278 3031 344 3089 item
360 3031 446 3107 polea
464 3048 547 3108 supra
565 3029 648 3090 dicta.
674 3030 740 3107 equi
757 3029 926 3106 coagulum,
944 3029 1021 3107 quod
1034 3030 1084 3089 ali·
1096 3049 1132 3083 200

97 3114 145 3190 qui
159 3113 303 3192 hippacen
318 3113 482 3190 appellant,
505 3115 590 3173 etiam
607 3115 630 3171 si
649 3114 815 3189 sanguinem
832 3112 996 3188 detrahant,
1020 3111 1068 3170 vel
1081 3121 1131 3174 205

60 3211 87 3253 ss
99 3197 156 3266 limi
175 3198 244 3256 cinis
263 3196 444 3274 dentiumque
464 3195 590 3255 eiusdem
612 3205 759 3256 tunsorum
782 3197 873 3255 larina
897 3196 1039 3255 salutares
1061 3202 1091 3252 et

98 3278 197 3339 bubuli
213 3281 296 3340 lactis
312 3279 428 3339 decocti
444 3288 538 3356 potus.
563 3279 750 3354 dysintericis
765 3279 829 3339 addi
844 3279 940 3338 mellis
956 3279 1090 3353 exiguum

99 3365 279 3441 praecipiunt
294 3373 338 3439 et,
363 3364 393 3422 si
403 3365 523 3422 tormina
546 3364 618 3436 sint,
643 3380 748 3423 cornus
765 3362 874 3422 cervini
896 3363 1021 3420 cinerem
1043 3369 1091 3421 aut

98 3446 140 3506 iel
160 3447 298 3505 taurinum
322 3448 432 3505 cumino
454 3447 568 3505 mixtum
588 3454 617 3505 et
639 3446 805 3507 cucurbitae
834 3446 930 3504 carnis
954 3444 1104 3503 umh'xl'xeu

138 3549 207 3589 rtm.
223 3550 285 3588 nur.
301 3551 369 3590 arsr.
384 3534 432 3590 lv.
902 3527 948 3586 t‘t
