2400 3840
196 185 276 233 nar.
292 185 382 232 nrsr.
400 187 482 234 unu.
499 184 542 238 13.
559 174 653 250 (106.)
669 188 816 234 -xxvn
833 188 855 238 r.
872 185 922 249 aa.)
1015 181 1055 240 99

64 339 129 399 Oris
142 339 241 399 ulcera
251 341 324 398 intus
336 355 423 398 sucus
436 338 608 416 plantaginis
620 339 752 400 emendat
762 349 791 400 et
802 342 871 402 lolia
882 343 1055 423 radicesque

64 421 317 496 conmanducatae,
333 421 382 480 uel
397 424 422 480 si
437 422 638 482 rheumatismo
656 422 769 498 laboret
784 442 828 500 os,
845 426 944 487 ulcera
961 428 1053 489 iacto-

62 523 180 583 remque
197 503 430 582 quinquefolium,
448 504 548 565 ulcera
565 505 709 584 psyllium.

119 589 223 667 (110.)
238 586 405 666 ‘Conposita
421 606 536 667 quoque
555 598 654 649 contra
676 589 819 666 faetores,
840 590 889 651 vel
903 610 1033 655 maxume
1046 606 1096 661 175

36 672 224 751 s'pudendum
239 671 346 744 vitium,
363 670 516 731 trademus.
544 690 616 748 ergo
632 671 702 732 lolia
718 675 802 747 myrti
817 683 846 733 et
861 674 974 737 lentisci
992 681 1055 756 pari

61 756 212 836 pondere,
227 752 323 832 gallae
338 754 477 828 Syriacae
494 754 636 814 dimidium
661 756 775 833 pondus
799 758 882 818 simul
908 769 1004 820 terere
1026 771 1055 820 et

60 841 126 898 vino
143 847 257 898 vetusto
273 855 374 916 sparsa
388 838 524 898 mandere
540 840 674 898 matutino
697 856 735 898 ex
751 858 803 899 usu
820 851 880 917 est,
903 843 950 902 vel
966 843 1054 903 bede-

59 941 110 982 rae
127 921 215 981 bacas
234 938 297 981 cum
317 921 394 980 casia
411 930 440 982 et
456 940 550 981 murra
563 923 624 1000 pari
637 922 766 1000 pondere
780 942 816 983 ex
831 926 908 984 uino.
929 925 1054 986 Naribus

59 1005 237 1064 utilissimum
254 1011 299 1064 est
314 1004 444 1064 draconti
460 1022 559 1064 semen
582 1005 731 1065 contritum
752 1024 789 1065 ex
811 1007 914 1084 melle,
944 1010 1054 1070 etiarnsi

27 1111 51 1151 1⁰
61 1090 250 1148 carcinomata
269 1089 296 1144 in
311 1087 357 1146 bis
379 1089 443 1147 sint.
476 1087 629 1163 suggillata
653 1087 767 1167 bysopo
788 1091 988 1168 emendantur,
1007 1095 1054 1152 sti-

60 1181 152 1247 gmata
169 1173 196 1230 in
212 1172 287 1231 iacie
301 1169 507 1247 mandragoras
523 1169 647 1229 inlinitns
665 1171 751 1230 delet.

343 1716 814 1802 ct’ttltstttttttttt

171 1885 553 1980 lllllllllbll
596 1887 977 1982 llldlltllldll

404 2064 746 2130 nunnnxxvr.

502 2228 654 2241 m

23 2348 47 2386 as
121 2329 192 2410 Gap.
208 2332 234 2389 1.
257 2331 351 2411 (Sect.
367 2330 412 2407 1.)
435 2331 531 2391 Sensit
543 2332 633 2392 iacies
649 2331 790 2393 hominum
807 2349 899 2393 novos
915 2333 1047 2410 omnique
1062 2347 1075 2397 l

58 2432 130 2474 aero
147 2415 245 2493 priore
267 2414 430 2491 incognitos
451 2431 509 2473 non
531 2413 632 2474 ltaliae
652 2415 737 2475 modo
762 2416 966 2475 verumetiam
991 2417 1050 2474 uni·

56 2515 160 2556 versae
176 2514 270 2575 prope
286 2496 423 2574 Europae
438 2495 572 2570 morbos,
595 2505 661 2555 tunc
676 2514 792 2576 quoque
809 2515 868 2557 non
889 2505 949 2556 tota
970 2496 1051 2558 ltalia

57 2598 112 2639 nec
128 2596 181 2657 per
194 2577 340 2653 Illyricum
353 2577 498 2638 Galliasve
511 2587 558 2637 aut
572 2577 725 2656 Hispanias
740 2597 845 2657 magno
862 2597 953 2656 opere
963 2597 1050 2656 vaga·

57 2672 114 2738 tos,
133 2667 179 2721 aut
190 2660 257 2719 alibi
270 2677 353 2739 quam
368 2661 479 2721 Romae
496 2661 642 2739 circaque,
659 2662 720 2720 sine
739 2661 841 2721 dolore
855 2662 968 2740 quidem
984 2662 1050 2721 illos

23 2763 91 2805 3033
116 2744 178 2802 sine
200 2744 327 2821 pernicie
342 2745 433 2821 uitae,
461 2743 512 2803 sed
535 2752 611 2806 tanta
634 2743 773 2804 foeditate
798 2753 828 2803 ut
852 2762 1049 2823 quaecumque

55 2845 133 2887 mors
149 2826 338 2906 praeferenda
356 2836 442 2888 esset.

119 2911 180 2991 (2.)
203 2911 405 2972 Gravissimum
432 2929 469 2970 ex
493 2912 537 2971 bis
559 2911 688 2972 lichenas
718 2913 908 2993 appellavere
933 2911 1075 2975 Graec02

56 2996 185 3072 nomine,
199 2994 313 3071 Latine,
332 2996 464 3074 quoniam
479 3013 495 3055 a
510 3005 605 3055 mento
619 2996 681 3055 iere
696 2996 857 3074 oriebatur,
872 3031 914 3040 —
926 2997 1048 3056 ioculari

56 3079 176 3157 primum
192 3078 329 3151 lascivia,
349 3087 379 3139 ut
401 3087 444 3138 est
466 3096 575 3157 procax
596 3078 748 3140 multorum
774 3089 872 3140 natura
894 3080 922 3138 in
947 3079 1048 3138 alienis

22 3177 46 3219 33
56 3162 189 3238 miseriis,
204 3178 271 3221 mox
286 3180 323 3221 ex
334 3169 472 3240 usurpato
488 3161 696 3240 03301131ορ-
705 3171 891 3240 mentagram,
904 3180 1048 3242 occupan-

56 3255 113 3305 tem
127 3246 221 3305 multis
237 3255 266 3305 et
281 3247 353 3306 intus
370 3252 447 3305 totos
465 3247 562 3323 utique
576 3246 687 3323 voltus,
704 3247 796 3307 oculis
810 3255 916 3306 tantum
930 3245 1045 3304 inmuni·

57 3329 120 3402 bus,
134 3328 356 3389 descendentem
368 3345 440 3387 vero
453 3329 520 3387 etin
532 3327 609 3388 oolla
622 3337 782 3408 pectusque
792 3347 826 3388 ac
836 3345 945 3402 manus,
958 3325 1045 3385 ioedo
1069 3398 1072 3405 Α

57 3412 141 3489 cutis,
156 3412 273 3483 furfure.
845 3493 892 3551 Ἦ
