2400 3840
137 151 199 217 264
471 165 500 218 o.
516 168 612 218 rurus
629 167 780 217 sacuam

135 319 310 398 appellatum
328 329 372 380 ter
389 320 436 381 die
449 322 511 382 lieri
524 340 649 383 amarum
661 322 825 398 salsumque
842 338 876 380 ac
889 318 992 381 deinde
1008 322 1135 401 dulcem,

134 405 298 482 totiensque
315 414 344 464 et
358 413 461 481 noctu,
478 414 636 467 scatentem
652 406 724 466 albis
740 404 924 482 serpentibus
940 407 1071 469 vicenum
1087 425 1135 468 cu·

134 487 267 564 bitorum‚
283 487 359 549 idem
371 488 513 549 iuArabia
525 490 633 549 iontem
646 489 765 549 exsilire
776 496 853 548 tauta
864 488 892 547 vi
907 497 938 547 ut
953 489 1060 549 nullum
1076 509 1134 553 noo

91 581 124 635 19
136 571 249 649 pondus
266 573 409 651 inpactum
424 581 552 650 respuat.
576 573 660 651 (16.)
684 572 902 650 Theophrastus
917 571 1051 647 Marsyae
1069 574 1133 634 iou·

132 664 190 714 tem
210 657 237 714 in
252 654 379 732 Phrygia
398 656 433 715 ad
449 654 639 718 Celaenarum
657 655 794 734 oppidum
811 673 881 716 saxa
900 673 1035 731 egerere.
1077 675 1158 718 nous

134 739 237 817 procul
261 739 296 799 ab
320 755 356 798 eo
378 739 435 798 duo
459 747 525 810 sunt
551 738 647 800 fontes
669 737 775 815 Cyllon
806 748 835 798 et
856 739 950 799 Gelon
969 739 1006 800 ab
1027 741 1135 802 effectu

133 821 310 883 Graecorum
327 823 470 882 nominum
485 821 563 882 dicti.
594 822 692 899 Cynici
710 824 776 884 icus
794 821 943 902 Cupidinis
957 834 1081 884 vocatur
1096 844 1134 886 ex

133 923 189 984 quo
205 907 331 984 potantis
348 922 476 966 amorem
494 905 644 984 deponere
661 907 810 968 blucianus
826 905 928 968 credit.

89 1000 124 1054 20
190 990 274 1067 (17.)
300 988 452 1050 Crannone
469 998 513 1050 est
525 991 591 1050 lons
608 990 717 1050 calidus
735 993 805 1050 citra
821 1008 958 1050 summum
974 990 1132 1068 fervorem,

132 1074 180 1152 qui
194 1073 262 1132 vino
274 1071 367 1133 triduo
381 1073 477 1135 addito
491 1075 619 1135 calorem
633 1076 760 1152 potionis
776 1075 901 1135 custodit
917 1076 944 1132 in
957 1076 1046 1133 vasis.
1063 1076 1134 1135 Sunt
1144 1092 1168 1135 m

134 1166 164 1216 et
180 1156 309 1217 Mattiaci
321 1159 349 1217 in
367 1156 516 1220 Germania
530 1159 627 1218 fontes
646 1159 731 1218 calidi
746 1168 826 1218 trans
845 1157 991 1234 Rhenum,
1013 1176 1135 1236 quorum

131 1240 251 1302 haustus
267 1240 362 1302 triduo
379 1242 492 1320 fervet,
516 1244 595 1304 circa
611 1243 759 1319 margines
775 1259 847 1302 vero
865 1243 1007 1320 pumicem
1025 1242 1135 1304 iaciunt

131 1343 234 1404 aquae.

88 1419 121 1472 ‘il
185 1409 270 1490 (18.)
292 1408 376 1485 Quod
400 1410 424 1468 si
444 1411 508 1488 quis
525 1410 581 1470 lide
600 1428 701 1470 carere
729 1428 766 1469 ex
788 1409 833 1468 his
851 1409 947 1486 aliqua
969 1408 1133 1486 arbitratur,

131 1493 223 1554 discat
235 1495 262 1552 in
275 1494 352 1553 nulla
367 1502 446 1572 parte
462 1502 580 1553 naturae
596 1495 704 1570 maiora
717 1511 783 1553 esse
796 1492 944 1567 miracula,
960 1510 1131 1571 quamquam
1140 1509 1164 1550 rs

130 1580 205 1637 inter
222 1579 300 1637 initia
316 1579 416 1655 operis
432 1576 544 1637 abunde
557 1577 643 1638 multa
660 1578 819 1637 retulimus.
853 1575 969 1636 Ctesias
985 1576 1074 1637 tradit
1088 1578 1132 1636 si-

130 1661 187 1720 deu
204 1661 303 1720 vocari
319 1670 452 1736 stagnum
470 1659 590 1720 inludis
606 1663 635 1721 iu
656 1678 713 1740 quo
731 1661 800 1720 nihil
818 1661 934 1733 innatet,
954 1661 1048 1720 omnia
1060 1679 1133 1721 mer·

130 1753 251 1819 gantur,
276 1741 393 1803 Caelius
415 1744 490 1821 apud
511 1761 564 1804 nos
582 1746 611 1804 iu
630 1744 749 1804 Averno
773 1747 857 1804 etiam
877 1743 946 1803 lolia
972 1742 1132 1820 subsidere,

87 1837 121 1889 22
133 1829 228 1888 Varro
245 1827 307 1890 avis
323 1845 396 1906 quae
412 1827 613 1888 advolaverint
634 1830 735 1888 emori.
770 1837 870 1887 contra
888 1829 916 1885 in
932 1825 1052 1887 Africae
1068 1828 1134 1888 lacn

130 1911 325 1989 Apuscidamo
349 1912 442 1971 omnia
463 1911 587 1988 lluitant,
611 1911 680 1972 nihil
702 1913 857 1988 mergitur,
879 1912 946 1970 item
970 1912 998 1969 in
1014 1911 1167 1972 Siciliaeso

130 1996 211 2055 fonte
226 1994 358 2073 Plinthia,
376 2004 406 2055 ut
422 1996 520 2075 Apion
538 1997 633 2073 tradit,
650 2006 678 2056 et
693 1997 721 2056 in
735 1995 886 2057 bladorum
906 1994 972 2053 laou
987 2003 1134 2074 puteoque

129 2080 254 2138 Saturni.
286 2079 365 2139 Fons
382 2079 513 2153 limyrae
530 2083 654 2141 transire
671 2080 748 2140 solet
771 2081 800 2139 in
823 2079 889 2138 loca
905 2079 1000 2141 vicina
1016 2088 1133 2156 porten-

130 2162 202 2222 dens
217 2162 341 2241 aliquid,
358 2164 516 2241 mirumque
535 2162 612 2240 quod
628 2183 691 2224 oum
707 2164 837 2243 piscibus
853 2164 964 2222 transit.
989 2179 1135 2240 responsa

130 2245 166 2306 ab
180 2245 225 2304 his
240 2254 341 2323 petunt
356 2245 470 2305 incolae
493 2246 559 2306 cibo
583 2267 668 2327 quem
688 2248 803 2326 rapiunt
822 2246 999 2320 adnuentes,
1017 2247 1041 2304 si
1060 2264 1133 2307 vero

87 2340 121 2394 23
133 2337 267 2389 euentum
291 2339 415 2405 negent,
435 2329 536 2392 caudis
552 2333 678 2411 abigunt.
707 2332 807 2392 Amnis
825 2329 934 2390 Holcas
955 2331 983 2388 in
998 2327 1166 2404 bithyniam

129 2413 270 2487 Bryazum
285 2413 392 2495 adluit,
406 2451 449 2463 -
470 2416 528 2477 hoc
544 2427 588 2477 est
602 2417 712 2497 templo
735 2425 764 2476 et
780 2415 835 2474 deo
851 2430 971 2488 nomen,
993 2446 1037 2459 -
1053 2415 1133 2473 cuius

130 2497 275 2580 gurgitem
292 2503 401 2580 periuri
422 2511 564 2578 negantur
584 2503 643 2580 pati
662 2500 742 2560 velut
759 2499 899 2559 hammam
914 2505 1054 2557 urentem.
1096 2495 1134 2557 Et

129 2589 158 2647 in
174 2584 325 2647 Cantabria
342 2586 439 2645 iontes
454 2585 594 2645 Tamarici
612 2587 640 2644 in
663 2584 790 2662 auguriis
813 2581 963 2642 hahentur.
989 2589 1049 2640 tres
1068 2589 1134 2640 sunt

130 2670 244 2730 octonis
259 2669 381 2748 pedibus
399 2670 555 2745 distantes,
572 2671 600 2728 in
615 2687 700 2729 unum
715 2668 828 2728 alveum
844 2674 949 2726 coeunt
969 2673 1052 2724 vasto
1076 2667 1132 2724 sin·

87 2763 121 2816 24
132 2752 194 2830 guli
207 2771 298 2813 amne.
328 2755 473 2813 siccantur
488 2752 629 2813 duodenis
648 2751 767 2826 diebus,
784 2746 938 2827 aliquando
953 2749 1077 2825 vicenis,
1094 2749 1168 2808 ci-so

129 2844 173 2896 tra
196 2837 390 2913 suspicionem
413 2837 499 2895 ullam
515 2853 624 2916 aquae,
648 2852 711 2894 cum
734 2836 769 2893 sit
790 2835 901 2892 vicinus
925 2831 960 2890 iis
980 2831 1047 2891 ions
1070 2834 1133 2892 siue

129 2920 342 2979 intermissione
356 2921 466 2997 largus.
499 2919 589 2979 dirum
607 2928 652 2978 est
669 2935 727 2977 non
742 2917 890 2995 prolluere
907 2932 959 2974 cos
976 2914 1133 2994 adspicere

129 3003 311 3078 volentibus,
336 3003 409 3063 sicul
433 3020 574 3082 proxume
589 3002 684 3062 hartio
699 3001 809 3061 Licinio
832 3001 932 3076 legato
955 3007 1024 3077 post
1046 3017 1132 3078 prac-

129 3096 231 3164 turam,
247 3095 314 3166 post
332 3095 444 3165 septem
467 3088 541 3144 enim
557 3085 618 3145 dies
634 3086 751 3145 occidit.
782 3083 815 3144 lu
833 3083 939 3143 Iudaea
960 3084 1041 3143 rivos
1065 3082 1132 3142 sab·

129 3171 203 3231 batis
222 3170 352 3231 omnibus
370 3170 504 3229 siccatur.
1141 3182 1168 3224 as

86 3266 120 3320 25
186 3255 270 3335 (19.)
291 3252 447 3313 Ediverso
470 3253 606 3313 miracula
629 3254 684 3313 alia
705 3253 775 3313 dira.
810 3251 925 3313 Ctesias
948 3251 977 3309 in
992 3250 1135 3310 Armenia

128 3340 236 3399 iontem
259 3356 326 3397 esse
348 3337 462 3408 scribit,
484 3356 521 3396 ex
542 3353 599 3415 quo
616 3338 717 3413 nigros
734 3337 824 3415 piscis
844 3337 912 3396 ilico
936 3343 1059 3395 mortem
1085 3334 1134 3394 ad·

128 3422 208 3482 ierre
228 3423 256 3480 in
270 3420 359 3498 cibis,
379 3421 456 3501 quod
472 3431 501 3481 et
522 3423 599 3480 circa
613 3420 726 3480 Danuui
748 3429 880 3479 exortum
899 3419 1012 3496 audivi,
1037 3417 1134 3478 donec
