2400 3840
123 178 181 238 13¹]
473 188 503 233 ι’.
521 181 615 231 enixi
627 172 775 227 ml

120 347 303 405 ierulateos.
328 350 422 403 amaia
439 342 576 401 rubentis.
598 330 729 411 capitalis
742 326 858 406 panib,
882 320 976 383 ΙΙῊ-
1004 328 1090 374 W

120 434 145 487 jn
164 430 302 503 calpuil's
321 428 463 507 posili-um.
480 430 599 501 nigrum.
616 419 786 477 resinosa.
811 422 916 467 conas
930 395 1091 461 miehi

120 526 345 591 cruentamque
361 512 397 571 de
415 528 501 569 caasa
515 506 627 585 quida·
641 500 713 559 Ιιικ
727 492 937 555 amomo·
950 495 1091 575 toarcis

120 616 187 655 usas
198 602 313 655 seminis
322 596 357 655 ad
372 594 548 653 ischiadicos
558 590 617 669 poti
629 560 1092 660 arabasdum-unum&
1139 587 1142 722 4

119 684 153 737 tis
170 684 307 740 sextario.
325 682 419 737 alvom
429 679 526 737 solrit.
541 664 767 761 bilentletnbit.
785 649 1111 751 inimicaret-subustus
1140 738 1142 744 Ι

80 775 109 829 t?
185 766 251 826 (21,
255 781 270 841 p
293 764 414 841 Aphata
430 764 524 819 tenuia
538 754 686 817 admodum
697 747 768 809 lolia
782 742 879 805 tabet.
899 734 1006 817 pulli)
1019 732 1093 792 ¹¹¹¹⁰¹

119 848 256 906 lenticula
277 848 396 923 siliquas
420 846 545 903 maiores
568 842 625 901 lert
645 838 672 895 in
692 830 795 911 quibas
807 836 889 887 tem
904 828 954 919 “l
968 824 1094 915 qualem

119 936 226 989 semina
243 938 306 988 sunt
323 930 450 1003 nigriora
470 939 499 987 et
519 923 675 985 madidiora
695 911 839 975 lenticula.
863 913 992 1007 omitit
1012 918 1041 960 ΙΙ
1058 912 1094 957 ¹¹·

118 1016 171 1070 vis.
203 1022 303 1069 natura
319 1011 354 1069 ad
370 1010 552 1088 spissandum
564 1006 806 1077 efficaciorquma
816 994 885 1091 lenta
896 987 1027 1089 fequaos
1037 994 1096 1041 usas

118 1094 238 1153 eosdem
254 1094 350 1152 habet.
386 1094 526 1153 stomachi
541 1093 655 1169 alvique
671 1083 821 1145 fluctiones
842 1083 917 1136 atstrt
935 1086 1036 1129 semen
1056 1062 1122 1123 tle-¹¹

119 1187 243 1235 coctum.

80 1272 109 1325 39
185 1262 269 1339 (22.)
299 1260 443 1320 Alcibium
465 1260 560 1340 qualis
587 1264 666 1316 esset
689 1248 780 1313 herba
802 1260 859 1305 noa
886 1237 1006 1335 repperi
1032 1226 1100 1313 apatl

118 1356 263 1407 auctores.
278 1346 329 1405 sed
345 1343 471 1405 radicem
484 1346 546 1403 eins
565 1352 594 1402 et
609 1338 680 1400 lolia
694 1329 810 1429 tritauatl
825 1330 970 1425 scipuli*
985 1328 1101 1417 inim!

118 1431 217 1508 inponi
229 1440 258 1489 et
273 1430 341 1501 bibi,
359 1429 431 1489 lolia
443 1438 577 1507 qnantum
590 1440 690 1484 manns
701 1423 796 1494 captat
807 1418 873 1509 ¹¹¹¹!
887 1423 950 1467 ⁰¹¹¹¹¹
967 1421 1025 1463 *¹¹¹¹
1037 1413 1101 1461 ¹¹¹⁰

118 1514 231 1585 cyathis
251 1513 342 1572 tribus
362 1522 410 1571 ant
435 1512 561 1570 radicem
575 1506 772 1569 drachmarum
792 1506 874 1557 trram
893 1487 1026 1569 pondere
1044 1492 1127 1543 canti

118 1598 175 1653 uini
190 1595 293 1654 eadam
309 1612 453 1653 mensura.
956 1656 964 1669 ,
986 1656 994 1669 ,

80 1688 109 1736 to
181 1676 265 1752 (23.)
288 1677 444 1733 alectoros
461 1675 577 1753 lophos,
596 1691 669 1752 qnae
685 1665 760 1748 apud
774 1660 926 1725 noscrista
935 1654 1052 1727 nunni,
1063 1648 1102 1709 ll

117 1757 154 1814 lia
177 1756 264 1815 habet
282 1756 383 1815 similia
400 1756 557 1832 gallinacei
570 1760 676 1816 cristae
691 1752 783 1833 plura,
798 1743 909 1806 caulem
922 1748 1048 1811 tannem,
1062 1748 1103 1792 ae*

117 1856 182 1897 men
206 1842 318 1917 nigrum
339 1840 367 1896 in
389 1839 511 1917 siliquis.
541 1841 618 1900 utilis
645 1830 829 1898 tussientibus
850 1832 934 1887 cocta
958 1838 1025 1881 cnm
1043 1814 1104 1877 laba

116 1921 211 1998 lresa,
236 1923 325 1982 melle
345 1921 443 1982 addito
468 1932 499 1982 et
524 1922 641 1999 caligini
669 1917 828 1981 oculorum.
867 1906 990 2008 solida·
1011 1900 1132 1997 serica¹¹

117 2007 239 2066 coicitur
254 2007 281 2066 in
298 2005 422 2079 oculum,
438 2025 493 2066 neo
509 2006 615 2080 turbat,
632 2003 684 2065 sed
701 2005 729 2061 in
743 2016 777 2059 sc
790 1994 942 2091 caliginem
957 1984 1105 2084 contrahis

117 2097 205 2149 motat
223 2091 353 2148 colorem
369 2099 399 2149 et
417 2091 552 2166 exnigro
569 2088 696 2148 albicare
718 2080 818 2159 incipit
839 2086 869 2137 et
890 2078 1052 2134 intumescit
1075 2081 1108 2125 ao

138 2190 170 2226 er
185 2190 219 2229 sc
235 2175 304 2229 exit.

80 2189 135 2311 tlp
182 2254 212 2309 6.
237 2252 321 2328 (at.)
336 2251 422 2310 Alam
433 2271 488 2310 nos
499 2269 648 2328 vocamus,
662 2250 766 2312 Graeci
778 2242 950 2323 symphyton
962 2244 1109 2315 petraeum

116 2331 210 2389 simile
232 2334 345 2391 cunilae
360 2333 503 2407 bubulae,
521 2335 600 2393 loliis
617 2335 731 2414 parvis,
749 2330 834 2390 ramis
848 2324 940 2385 tribue
960 2328 1009 2380 ant
1030 2323 1140 2397 quob*

117 2422 183 2471 tuor
205 2432 220 2471 a
242 2414 358 2488 radice,
385 2416 580 2476 cacuminibus
602 2418 707 2492 thymi,
731 2411 926 2481 surculosum,
951 2403 1109 2499 odoratum,

116 2494 201 2556 dulce
217 2507 322 2574 gusto,
342 2497 462 2559 salivam
479 2500 576 2575 ciens,
602 2500 700 2559 radice
715 2497 805 2572 longa
817 2491 911 2552 rutila.
941 2492 1068 2581 nascrtpr
1083 2498 1111 2541 in

117 2582 208 2655 petris
231 2580 297 2640 ideo
321 2591 472 2659 petraeum
495 2584 742 2658 cognominatum,
766 2576 942 2639 utilissimum
960 2565 1110 2665 lateribus,

115 2661 241 2737 renibus,
257 2664 436 2739 torminibus,
455 2666 579 2742 pectori,
595 2662 795 2743 pulmonibus,
810 2657 975 2735 sauguinem
989 2653 1111 2711 reicien-

116 2740 202 2814 tibus,
218 2742 349 2802 lancibus
365 2747 489 2821 asperia.
515 2744 621 2804 bibitur
632 2747 715 2805 radix
724 2746 790 2804 trita
806 2751 836 2802 et
849 2743 877 2800 in
894 2741 961 2798 vino
976 2736 1142 2807 decocta,ss

80 2826 108 2879 ta
120 2828 149 2875 et
164 2820 317 2893 aliquando
335 2826 531 2900 superlinitnr.
569 2827 637 2901 quin
658 2837 688 2886 et
703 2825 927 2887 conmanducata
941 2820 1015 2880 sitim
1030 2815 1113 2877 sedat

116 2899 331 2977 praecipueque
348 2904 511 2979 pulmonem
524 2906 690 2982 refrigerat.
714 2908 819 2969 luxatis
836 2923 952 2985 quoqne
967 2901 1113 2980 inponitur

116 2986 146 3037 ot
167 2980 325 3053 contunsis,
341 2982 411 3040 lenit
428 2986 585 3045 interanea.
609 2986 705 3047 alvom
716 2990 792 3049 sistit
807 2998 891 3049 cocta
906 2991 933 3047 in
949 2986 1048 3046 cinere
1062 2982 1112 3041 de·

115 3061 273 3136 tractisque
298 3061 436 3122 folliculis
459 3068 610 3127 tritanum
633 3072 744 3147 piperis
764 3074 863 3148 granis
884 3087 990 3131 novem
1019 3075 1050 3126 et
1074 3082 1114 3125 ex

116 3161 190 3222 aqua
205 3151 283 3221 pota.
315 3144 484 3205 volneribus
498 3150 632 3210 sanandis
652 3161 730 3214 tanta
744 3154 920 3231 praestantia
935 3159 980 3212 est
998 3158 1029 3210 ut
1050 3159 1142 3209 can-tt

115 3227 160 3285 nis
179 3242 312 3303 quoque,
331 3225 396 3286 dum
413 3237 567 3307 cocuntur,
585 3234 765 3311 conglutinet
782 3235 894 3309 addita,
914 3234 990 3294 unde
1008 3231 1114 3293 Graeci

80 3314 108 3369 te
119 3325 221 3368 nomen
236 3310 402 3386 inposuere.
434 3310 550 3372 ossibus
566 3331 683 3394 quoqne
696 3318 795 3377 fractis
809 3317 948 3376 medetur.
982 3317 1012 3375 7.
1028 3314 1113 3394 (25.)

117 3387 192 3463 Alpa
207 3391 269 3451 ruia
286 3392 472 3471 scorpionum
487 3394 599 3456 ictibus.
