2400 3840
139 198 180 259 78
457 271 461 276 .
482 209 790 258 c.r>urursncuno1
812 241 814 247 .

140 365 205 424 culo
223 382 277 442 per
293 383 390 425 aurem
405 365 528 424 traiecto
541 372 572 424 et
587 370 710 441 postero
722 362 769 424 die
782 362 884 422 eadem
895 363 967 425 bora
980 371 1131 441 exempto,

141 447 268 589 scpbiem
288 447 494 526 quadripedum
517 464 580 507 cum
602 455 677 523 turc,
700 465 768 506 cera
788 464 822 506 ac
843 448 913 546 pice
929 444 978 505 vel
994 464 1058 506 curn
1072 448 1130 523 pis·

98 549 287 693 ooseallll.)
308 614 414 673 Album
437 621 597 692 optumum,
620 613 697 690 quod
720 611 873 673 celerrime
896 620 994 672 movet
1018 621 1131 672 sternu-

140 706 246 774 menta,
270 697 323 757 scd
346 696 463 756 multum
484 696 643 756 terribilius
662 698 759 773 nigro,
775 698 932 774 praecipue
955 697 978 754 si
1001 697 1064 772 quis
1083 697 1155 759 adu

140 788 268 858 paratum
291 788 462 858 poturorum
483 780 557 856 apud
585 781 720 856 antiquos
746 779 825 856 legat
850 788 951 839 contra
978 778 1130 857 horrores,

141 861 347 940 strangulatus,
373 863 594 940 intempestivas
616 864 708 922 somni
728 864 811 939 viris,
837 862 980 939 singultus
1002 862 1131 922 infinitos

141 955 189 1007 aut
210 953 416 1022 sternumenta,
439 945 577 1005 stomachi
599 945 820 1022 dissolutiones,
844 946 986 1006 tardiores
1004 947 1129 1006 vomitus

141 1037 189 1088 aut
208 1029 378 1105 longiores,
402 1029 526 1105 exiguos
547 1037 595 1088 aut
616 1030 731 1106 nimios,
753 1031 860 1106 quippe
882 1028 938 1088 alia
959 1028 1027 1088 dare
1050 1030 1129 1089 soliti

141 1129 214 1189 quae
231 1114 410 1172 concitarent
421 1113 596 1172 vomitiones
612 1113 763 1190 ipsumque
775 1112 958 1172 helleborum
972 1112 1166 1176 extraherem

139 1194 353 1255 medicamentis
370 1204 419 1255 aut
440 1194 627 1272 clysteribus,
648 1197 764 1273 saepius
786 1196 871 1256 etiam
886 1197 1025 1272 sanguine
1046 1199 1129 1257 venis

98 1290 130 1345 57
144 1279 260 1338 emisso.
293 1281 348 1340 iarn
368 1296 440 1339 vero
465 1287 496 1338 et
524 1297 587 1340 curn
612 1296 756 1357 prospere
782 1277 881 1357 cedat,
904 1279 1026 1339 terribili
1054 1280 1130 1356 visu,

140 1360 226 1422 variis
241 1362 393 1423 coloribus
406 1364 592 1423 vomitionum
607 1370 639 1423 et
655 1371 722 1441 post
733 1363 908 1422 vomitiones
921 1361 1129 1422 observatione

141 1444 214 1523 alvi,
236 1445 412 1507 balinearum
428 1445 657 1523 dispensatione,
681 1448 770 1506 totius
791 1447 925 1526 corporis
947 1463 1025 1522 cura,
1049 1455 1129 1506 ante-

141 1530 263 1590 cedente
286 1531 379 1589 omnia
401 1529 474 1588 haec
495 1547 599 1606 magno
618 1538 733 1589 terrore
749 1530 851 1606 lamae,
872 1546 992 1609 namque
1012 1529 1128 1589 tradunt
1139 1549 1164 1590 15

141 1614 250 1673 absumi
278 1613 388 1687 carnis,
417 1613 441 1670 si
471 1620 613 1689 coquatur
638 1629 701 1672 una.
743 1610 796 1672 sed
820 1614 1001 1690 antiquorum
1028 1614 1128 1673 vitium

141 1704 203 1755 erat
218 1693 434 1772 quodpropter
454 1693 507 1753 hos
531 1704 624 1754 metus
640 1696 754 1772 parcius
778 1695 896 1772 dabant,
921 1714 984 1756 eum
1001 1695 1126 1757 celerius

98 1791 133 1843 58
144 1786 273 1855 erumpat
294 1774 361 1854 quo'
373 1777 482 1854 largius
504 1779 631 1837 sumitur.
666 1777 821 1838 Themison
836 1778 918 1838 binas
933 1795 992 1838 non
1006 1778 1127 1857 amplius

140 1861 286 1922 drachmas
303 1860 427 1936 datavit,
445 1865 603 1938 sequentes
627 1869 656 1921 et
678 1870 831 1938 quaternas
849 1861 957 1922 dedere
975 1861 1053 1922 claro
1070 1861 1127 1922 He·

55 1967 56 1970 ¹
140 1945 246 2025 rophili
268 1946 438 2022 praeconio,
460 1945 509 2022 qui
529 1944 712 2005 helleborum
731 1945 881 2006 fortissimi
899 1944 978 2005 ducis
997 1945 1161 2006 similitu-ao

140 2029 196 2089 dini
212 2027 365 2105 aequabat.
402 2029 553 2088 concitatis
576 2030 651 2089 eninr
672 2029 748 2087 intus
765 2029 896 2088 omnibns
915 2029 1007 2106 ipsum
1023 2030 1052 2088 in
1068 2031 1126 2107 pri·

139 2115 192 2172 mis
219 2112 309 2171 exire.
346 2113 626 2189 praeterea'mirum
653 2113 798 2171 inventum
827 2115 873 2170 est'
901 2111 978 2188 quod
1006 2114 1125 2171 incisum

97 2217 120 2250 sa
139 2193 296 2269 forficulis,
315 2201 346 2253 ut
364 2193 501 2270 diximus,
524 2195 659 2254 cribrant.
698 2202 802 2254 cortex
818 2203 963 2270 remanet,
986 2195 1061 2255 hunc
1085 2197 1125 2255 in·

139 2279 247 2353 aniunt,
262 2275 385 2336 medulla
401 2277 487 2352 cadit,
504 2276 575 2336 haec
590 2279 619 2336 in
633 2279 718 2336 nimia
730 2278 904 2355 purgatione
916 2277 980 2337 data
991 2280 1125 2338 vomitio-

138 2380 190 2420 nes
207 2361 292 2420 sistit.
1133 2380 1159 2422 at

7 2443 36 2457 ’“
96 2456 130 2510 59
203 2443 283 2523 (24.)
311 2441 474 2504 Cavendum
498 2452 544 2504 est
563 2443 642 2503 felici
665 2461 781 2524 quoque
807 2462 875 2504 oure
899 2435 1056 2505 ne'nubilo
1078 2445 1124 2506 die

139 2528 233 2606 detur,
257 2528 426 2606 inpetibiles
448 2530 554 2607 quippe
577 2529 719 2588 cruciatus
741 2530 891 2589 exsistunt.
927 2548 990 2589 nam
1012 2537 1124 2589 aestate

138 2615 235 2690 potius
251 2629 333 2690 quarn
347 2610 442 2673 hieme
458 2611 578 2672 dandum
593 2628 650 2671 non
665 2614 754 2671 estin
770 2611 866 2672 dubio.
890 2629 995 2690 corpus
1011 2621 1124 2690 septem

138 2694 240 2755 diebus
263 2703 330 2755 ante
354 2695 580 2773 praeparandum
602 2695 675 2755 cibis
701 2696 831 2771 acribus,
857 2694 1030 2755 abstinentia
1053 2696 1123 2771 vini,

139 2787 240 2854 quarto
257 2787 286 2836 et
303 2779 391 2838 tertio
407 2777 453 2838 die
472 2779 687 2854 vomitionibus,
710 2778 804 2856 pridie
827 2796 916 2840 cenae
938 2778 1158 2844 abstinentiam

139 2858 232 2919 album
256 2867 286 2918 et
306 2862 336 2919 in
356 2860 432 2920 dulci
456 2861 548 2938 datur,
571 2863 718 2938 aptissime
739 2879 812 2921 vero
827 2864 857 2921 in
875 2862 954 2923 lente
971 2871 1018 2922 aut
1033 2862 1122 2941 pulte.

138 2961 228 3020 nuper
242 2944 381 3004 invenere
400 2943 533 3003 dissectis
553 2944 686 3021 raphanis
704 2946 836 3005 inserere
859 2945 1041 3006 helleborum
1062 2965 1124 3006 rur·

138 3044 246 3105 susque
266 3028 448 3105 conprimere
471 3027 625 3105 raphanos,
648 3036 677 3086 ut
704 3036 832 3088 transeat
855 3029 911 3107 vis,
939 3037 1025 3107 atque
1051 3028 1123 3089 leni·

137 3117 234 3169 mento
252 3109 330 3169 dare.
362 3109 443 3170 reddi
458 3119 525 3189 post
547 3119 682 3188 quattuor
701 3112 765 3171 iere
782 3111 869 3173 horas
887 3114 995 3190 incipit.
1032 3121 1127 3179 toturn⁴

96 3206 213 3271 §oopus
232 3195 363 3271 septenis
378 3196 527 3271 peragitur
542 3195 629 3254 boris.
658 3195 788 3255 medetur
805 3197 845 3255 ita
864 3196 973 3257 morbis
994 3199 1157 3263 comitia-ns

101 3299 124 3333 es
136 3278 222 3355 libus,
250 3285 281 3337 ut
306 3277 438 3353 diximus,
460 3279 614 3355 vertigini,
641 3278 872 3355 melancholicis,
900 3280 1121 3358 insanientibus,

137 3361 329 3440 lymphaticis,
348 3360 536 3438 elephantiosi
553 3360 647 3438 albae,
663 3361 765 3441 lepris,
783 3371 892 3440 tetano,
914 3363 1054 3439 tremulis,
1069 3381 1122 3444 po·

136 3443 272 3520 dagricis,
298 3443 464 3523 hydropicis
485 3445 747 3523 incipientibusque
769 3447 949 3524 tympanicis,
970 3447 1122 3507 stomachi·
