2400 3840
119 183 160 245 90
475 190 780 242 c.s1.1u1sncono1

124 358 223 410 contra
246 347 419 428 scorpiones
438 346 544 408 bibitur
563 345 647 406 radix
662 363 725 405 cum
751 354 815 405 ruta
834 364 872 405 ex
896 365 987 424 aqua,
1015 358 1120 425 magna

123 432 309 495 amaritudine
325 431 377 492 sed
393 431 498 492 effectu
515 430 586 509 pari.

81 527 131 580 122
194 516 276 596 (75.)
292 512 504 593 l'helyphonon
522 513 612 572 herba
632 511 668 573 ab
683 511 746 572 aliis
760 514 897 592 scorpion
915 521 1035 574 vocatur
1052 530 1120 593 pro·

124 608 188 679 pter
203 598 412 659 similitudinem
426 596 533 656 radicis
559 599 639 655 cuius
655 604 732 655 tactu
755 598 912 656 moriuntur
935 597 1119 675 scorpiones.

122 685 219 761 itaque
235 690 334 742 contra
353 698 453 740 sorum
468 682 541 740 ictus
558 680 673 739 bibitur.
683 712 726 725 -
740 681 925 759 scorpionem
938 689 1079 739 mortuum
1095 683 1144 740 siu

123 768 187 845 quis
201 763 354 825 helleboro
370 763 492 824 candido
509 763 588 839 linat,
605 764 791 823 revivescere
805 765 892 822 aiunt.
906 795 950 807 -
964 762 1119 843 thelypho-

121 866 179 908 non
209 864 321 908 ornnem
338 847 549 944 quadripedem
571 855 656 906 necat
689 847 814 924 inposita
845 845 980 905 verendis
1008 846 1119 921 radice,

121 931 193 990 lolio
207 928 345 1010 quidem
337 939 409 990 rutra
432 930 553 991 eundem
567 930 658 1004 diem,
681 930 758 1008 quod
780 938 825 989 est
839 929 930 989 simile
949 927 1119 1004 cyclamino.

121 1016 185 1092 ipsa
201 1013 365 1089 geniculata
380 1015 506 1074 nascitur
527 1013 555 1072 in
580 1014 691 1092 opacis.
722 1012 932 1107 Scorpionibus
952 1012 1121 1073 adversator

121 1105 150 1156 et
166 1098 341 1156 Vettonicae
357 1115 443 1157 sucus
461 1115 495 1157 ac
513 1096 697 1177 plantaginis.
1129 1120 1153 1160 ro

82 1190 131 1244 123
172 1177 278 1260 (76.)
301 1179 372 1240 Sunt
388 1189 417 1240 et
430 1182 508 1240 ranis
527 1197 647 1254 venena,
662 1177 800 1239 rubetinis
818 1196 965 1255 maxume
985 1179 1120 1240 vidimus-

123 1280 178 1342 que
203 1261 360 1336 Psyllos
351 1282 380 1322 ιιι
406 1264 561 1324 certamine
587 1264 699 1341 patinas
727 1262 912 1323 candefactus
937 1225 1120 1341 admittentis,

122 1347 224 1406 ociore
239 1347 324 1406 etiam
340 1364 424 1424 quam
440 1347 570 1426 aspidum
587 1346 730 1424 pernicie.
760 1346 911 1406 auxiliatur
926 1346 1101 1426 phrynion
1092 1365 1121 1406 ιιι

121 1430 189 1490 vino
189 1422 283 1507 pota.
313 1429 400 1507 aliqui
422 1430 547 1491 neurada
571 1429 736 1528 appellarit,
761 1429 809 1489 alii
826 1431 977 1507 poterion,
999 1429 1121 1489 horibus

81 1524 132 1578 124
143 1530 257 1591 parvis
281 1512 425 1573 radicibus
446 1515 557 1588 multis,
581 1513 732 1588 nervosis,
753 1512 829 1571 bene
852 1512 1005 1573 olentibus.
1038 1513 1155 1592 (77.)15

122 1599 190 1655 item
223 1594 339 1671 alisna,
373 1614 456 1674 quam
489 1596 538 1656 alii
570 1594 782 1672 damasonion,
821 1595 871 1655 alii
900 1596 985 1670 lyron
1019 1595 1121 1675 appel·

122 1679 191 1738 lant.
225 1678 296 1739 lolia
317 1688 398 1738 erant
416 1679 606 1758 plantaginis,
627 1678 682 1737 nisi
704 1680 870 1755 angustiora
893 1687 992 1739 essent
1011 1689 1041 1739 et
1062 1697 1121 1738 ma-

121 1763 168 1839 gis
184 1762 326 1821 laciniosa
342 1779 532 1840 convexaque
549 1763 716 1837 interram,
732 1761 803 1821 alias
819 1764 903 1822 etiam
915 1779 1027 1822 venosa
1044 1763 1121 1821 simi·

123 1845 198 1920 liter,
217 1845 300 1904 caule
315 1846 439 1923 simplici
456 1853 484 1903 et
499 1846 586 1919 tenui,
603 1843 730 1920 cubitali,
747 1846 842 1923 capite
858 1845 958 1921 thyrsi,
975 1845 1122 1918 radicibus

123 1928 231 2002 densis,
248 1927 381 1987 tenuibus
396 1938 426 1988 ut
439 1928 545 1987 veratri
556 1928 640 2003 nigri,
657 1926 782 2002 acribus,
799 1927 939 2000 odoratis,
954 1928 1119 2006 pinguibus.
1129 1949 1155 1989 ro

81 2023 132 2079 125
145 2013 271 2070 nascitur
283 2012 311 2068 in
323 2013 450 2088 aquosis.
466 2012 587 2070 alterum
600 2028 693 2086 genus
709 2010 837 2070 eiusdem
849 2013 878 2069 in
890 2012 980 2087 silvis,
997 2014 1120 2089 nigrius,

122 2093 277 2153 maioribus
293 2094 379 2154 loliis.
411 2112 480 2153 usus
500 2095 528 2153 in
543 2093 643 2153 radice
658 2095 807 2172 utriusque
829 2094 970 2155 adversus
989 2113 1076 2155 ranas
1092 2104 1122 2154 et

123 2178 243 2255 lepores
262 2179 387 2254 marinos
404 2176 556 2237 drachmae
572 2176 702 2256 pondere
718 2178 747 2236 in
760 2178 818 2236 vini
833 2187 914 2257 potu.
953 2178 1047 2256 lepori
1061 2197 1120 2238 ma·

122 2263 187 2319 rino
204 2260 373 2320 adversatur
390 2269 419 2319 et
436 2260 622 2334 cyclaminos.
653 2261 758 2319 veneni
772 2262 829 2320 rim
846 2262 926 2321 canis
942 2279 1119 2340 quoquere·

122 2343 181 2402 bidi
198 2360 310 2402 morsus
331 2342 450 2418 hahent,
474 2351 574 2402 contra
589 2360 663 2421 quos
677 2346 732 2404 erit
754 2344 975 2421 cynorrhodon,
1001 2345 1038 2404 de
1060 2363 1156 2424 quoae

92 2448 155 2490 ιιιι.
176 2427 307 2486 diximus.
352 2425 490 2505 plantago
513 2433 542 2485 et
564 2425 601 2486 ad
622 2427 713 2487 omnis
734 2426 892 2487 bestiarum
920 2444 1033 2489 morsus
1050 2436 1119 2507 pota

124 2521 210 2590 atque
225 2509 304 2569 inlita
322 2508 453 2587 prodest,
468 2511 624 2569 Vettonica
642 2528 680 2569 ex
692 2528 775 2570 rncro
792 2520 904 2570 vetere.

82 2605 133 2660 126
197 2591 280 2672 (78.)
298 2590 479 2652 Peristereos
497 2603 617 2653 vocatur
638 2592 722 2654 caule
742 2594 800 2654 alto
821 2594 943 2670 ioliato,
973 2596 1119 2654 cacumine

122 2680 152 2736 in
174 2675 247 2735 alios
272 2674 361 2734 caulis
377 2694 409 2735 se
430 2693 596 2754 spargens,
620 2677 760 2737 columbis
790 2676 940 2737 admodum
960 2677 1119 2755 familiaris,

123 2760 199 2819 unde
215 2766 244 2816 ct
259 2775 371 2817 nomen.
389 2760 462 2818 hanc
481 2759 614 2820 habentis
628 2769 736 2836 negant
750 2760 847 2821 latrari
863 2780 879 2821 a
895 2758 1022 2821 canibus.
1128 2777 1154 2819 sc

82 2852 132 2908 127
198 2840 281 2919 (79.)
304 2841 445 2902 Proxuma
464 2843 509 2902 his
529 2843 611 2904 malis
631 2861 742 2903 venena
766 2852 832 2903 sunt
855 2861 931 2922 quae
946 2843 1120 2923 sibimetipsi

122 2926 253 2984 homines
269 2928 445 3002 excogitant.
474 2935 573 2988 contra
589 2927 662 2986 haec
677 2928 770 2986 omnia
781 2929 968 3006 magicasque
980 2929 1051 2988 artis
1066 2928 1121 2987 erit

124 3011 243 3086 primurn
257 3008 327 3068 illud
340 3009 525 3070 Homericum
541 3009 636 3085 moly,
659 3008 724 3069 dein
739 3009 911 3071 blithridatia
930 3020 959 3070 et
973 3012 1120 3072 scordotis

124 3100 153 3151 t
169 3095 355 3153 centaurium
385 3092 456 3179 l'otu
473 3095 566 3152 omnia
581 3092 655 3151 mala
668 3092 875 3154 medicamenta
893 3096 984 3171 exigit
1007 3113 1061 3173 per
1077 3094 1118 3154 al·

123 3192 190 3234 vom
196 3173 367 3237 vettonicae
375 3174 474 3237 semen
485 3176 614 3236 inmuls'o
625 3185 673 3236 aut
684 3194 784 3255 passo,
796 3176 845 3238 vel
858 3178 969 3238 farinae
982 3177 1118 3238 drachma
1128 3195 1153 3237 ss

123 3259 151 3317 in
167 3258 224 3318 vini
239 3264 348 3321 veteris
369 3253 480 3336 cyathis
494 3259 566 3338 llll.
581 3275 699 3319 vomere
713 3262 839 3338 cogendi
856 3271 943 3339 atque
958 3263 1062 3321 iterum
1077 3261 1119 3322 bi·

84 3341 289 3405 traheretis
305 3347 353 3423 qui
369 3343 476 3407 cotidie
493 3351 611 3420 gustent
624 3360 688 3402 eam
702 3345 780 3405 nulla
794 3347 926 3405 nocitura
940 3345 1016 3404 mala
1029 3345 1118 3405 modi-

124 3435 251 3486 camenta
272 3427 393 3488 tradunt.
424 3423 496 3487 Poto
519 3442 632 3486 veneno
649 3426 836 3488 aristolochia
858 3427 992 3488 subvenit
1014 3428 1117 3489 eadem
