2400 3840
288 209 368 257 unu.
385 208 475 258 nisu.
490 207 599 257 xxmr.
617 209 700 261 1-4.
718 201 831 294 (1—4.)
990 198 1047 262 131

56 367 218 447 pellavere.
248 374 276 425 at
297 364 363 425 illas
378 366 472 427 statim
487 365 604 426 llherari
615 373 712 425 morte
733 374 982 441 excrementorum
998 364 1051 426 ho·

57 452 140 510 minis
154 458 240 526 gustu
257 448 489 509 demonstratum.
524 449 602 527 quod
624 458 706 508 certo
727 467 796 508 casu
818 457 967 528 repertum
987 451 1051 527 quis

57 534 169 594 dubitet
183 541 212 593 et
224 534 358 612 quotiens
379 533 427 593 hat
441 533 527 592 etiam
541 550 616 592 nunc
628 540 661 592 ut
675 549 780 591 novom
795 533 891 607 nasci,
918 535 1051 611 quoniam

57 619 129 678 feris
143 617 217 678 ratio
234 625 263 676 et
280 635 350 677 usus
365 617 439 676 inter
455 634 489 677 se
504 616 578 677 tradi
592 633 650 675 nou
666 613 780 695 possit?
808 616 837 677 3.
853 615 900 675 hic
913 633 986 691 ergo
1004 624 1081 680 c‘a·8

34 720 119 777 ssus,
137 702 185 760 hic
200 710 246 760 est
261 701 310 761 ille
326 702 375 780 qui
390 700 518 778 pluruma
532 701 562 759 iu
581 701 639 760 uita
654 701 762 760 invenit
777 699 865 776 deus,
886 699 943 760 hoc
965 699 1052 760 hahet

57 803 163 846 nomeu
188 803 242 864 per
262 802 346 864 quem
365 784 546 861 intellegitur
568 783 670 844 eadem
684 793 714 843 et
735 800 842 863 parens
861 801 956 843 rerum
974 800 1051 844 omu-

57 874 116 930 ium
136 877 165 928 et
185 870 338 946 magistra,
359 878 482 946 utraque
504 868 670 928 coniectura
690 870 770 947 pari,
793 869 856 927 sive
877 868 931 928 ista
946 867 1052 927 cotidie

57 955 136 1015 ieras
159 953 289 1012 iuvenire
311 953 375 1012 sive
396 969 514 1029 semper
533 952 610 1011 scire
630 951 798 1012 iudicemus.
830 950 1052 1030 pudendumque

57 1055 156 1097 rursus
173 1038 268 1097 onmia
282 1034 413 1096 animalia
430 1053 505 1114 quae
520 1036 576 1096 sint
590 1035 725 1095 salutaria
740 1035 813 1113 ipsis
826 1053 915 1095 nosse
931 1043 1049 1114 praetor

21 1121 211 1184 rohominem.
244 1119 297 1179 sed
312 1121 437 1180 maiores
454 1118 603 1178 oculorum
624 1135 738 1197 quoque
753 1118 969 1178 medicamentis
985 1129 1081 1184 aco-9

58 1206 145 1263 nitum
164 1204 281 1263 misceri
297 1202 486 1263 saluberrime
500 1202 724 1281 promulgavere
747 1210 848 1279 aperta
867 1202 1053 1282 professione

56 1287 161 1346 malum
177 1286 292 1365 quidem
306 1286 414 1347 nullum
431 1303 498 1344 esse
510 1287 572 1345 sine
587 1285 685 1363 aliquo
696 1284 785 1344 hono.
817 1285 862 1344 fas
879 1302 952 1362 ergo
968 1286 1053 1345 nohis

59 1371 114 1430 erit
128 1372 176 1448 qui
191 1369 269 1430 nulla
284 1369 405 1429 diximus
422 1387 533 1428 venena
550 1378 712 1428 monstrare
730 1368 816 1446 quale
840 1370 877 1427 sit
897 1370 1051 1443 aconitum,

58 1453 107 1513 vel
123 1452 361 1531 deprehendendi
382 1453 484 1528 gratia.
520 1452 591 1513 lolia
612 1452 700 1511 habet
722 1451 874 1526 cyclamini
897 1461 946 1512 aut
967 1458 1051 1511 cucu-

20 1558 49 1600 ra
58 1538 146 1596 meris
161 1553 219 1595 non
232 1536 314 1614 plura
331 1545 475 1615 quattuor,
493 1535 529 1596 ah
543 1536 643 1596 radice
656 1536 761 1595 leniter
776 1535 894 1595 hirsuta.
926 1535 1054 1596 radicem

57 1619 198 1680 modicam
214 1637 356 1679 cammaro
372 1619 494 1678 similem
508 1621 635 1695 marino,
653 1636 743 1696 quare
760 1619 875 1697 quidam
890 1636 1054 1680 cammaron

57 1702 265 1782 appellavere,
281 1703 328 1763 alii
347 1703 563 1782 thelyphonon,
579 1721 617 1762 ex
634 1720 690 1781 qua
705 1703 828 1763 diximus
845 1721 942 1764 causa.
971 1703 1078 1764 radixt

57 1789 223 1846 incurvatur
237 1786 353 1865 paulurn
371 1789 556 1865 scorpionum
570 1786 672 1863 modo,
694 1804 783 1865 quare
800 1796 829 1847 et
845 1788 982 1866 scorpion
1003 1787 1052 1847 ali·

58 1870 107 1948 qui
131 1885 288 1930 vocavere.
325 1888 381 1929 nec
402 1870 524 1930 deluere
545 1872 594 1948 qui
614 1878 791 1945 myoctonon
810 1870 962 1949 appellare
984 1871 1053 1930 mal-

19 1953 134 2027 aoleut,
160 1953 294 2031 quoniam
323 1953 426 2032 procul
448 1963 479 2013 et
504 1973 521 2014 e
544 1954 703 2031 longinquo
730 1953 821 2013 odore
846 1955 934 2013 muris
957 1963 1053 2014 necat.

58 2037 186 2096 nascitur
210 2038 240 2096 in
267 2036 349 2096 nudis
370 2036 500 2097 cautibus
526 2054 598 2116 quas
622 2053 729 2097 aconas
750 2037 910 2112 nominant,
935 2048 965 2097 et
984 2037 1051 2097 ideo
1063 2050 1097 2101 10

57 2120 202 2179 aconitum
222 2120 311 2199 aliqui
334 2121 450 2195 dixere,
471 2121 551 2180 nullo
565 2122 642 2180 iuxta
663 2137 700 2180 ne
721 2120 843 2199 pulvere
868 2120 982 2200 quidem
1001 2139 1050 2181 uu·

56 2204 171 2262 triente.
200 2203 274 2263 hanc
289 2204 377 2283 aliqui
394 2206 536 2265 rationem
553 2204 675 2264 nominis
691 2204 827 2282 attulere,
844 2205 900 2282 alii,
916 2205 1052 2284 quoniam

55 2287 101 2344 vis
118 2286 219 2346 eadem
235 2297 315 2347 esset
325 2290 456 2350 inmorte
468 2306 543 2368 quae
559 2287 672 2347 cotibus
687 2289 716 2347 in
727 2288 798 2349 ferri
808 2289 871 2350 acie
884 2287 1054 2365 deterenda,

17 2393 46 2433 as
58 2371 210 2450 statimque
226 2372 339 2432 admota
354 2371 497 2432 velocitas
514 2372 679 2431 sentiretur.

119 2455 149 2514 4.
172 2454 235 2533 (3.)
259 2454 412 2532 Aethiopis
428 2454 499 2515 lolia
518 2454 606 2514 hahet
620 2453 739 2532 phlomo
754 2455 874 2532 similia,
897 2473 1001 2533 magna
1017 2466 1096 2520 acll

53 2536 143 2597 multa
163 2546 191 2596 et
213 2537 320 2597 hirsuta
336 2537 483 2612 aradice,
502 2536 613 2597 caulem
634 2537 887 2614 quadriangulum‚
909 2537 1053 2613 scabrum,

55 2618 179 2680 similem
196 2620 307 2696 arctio,
330 2619 426 2678 multis
447 2636 608 2679 concavom
630 2620 699 2694 alis,
733 2637 833 2680 semen
855 2638 927 2681 ervo
951 2621 1052 2698 simile,

56 2700 218 2777 candidum,
230 2705 382 2779 geminum,
396 2702 510 2763 radices
521 2718 703 2779 numerosas,
721 2702 835 2782 longas,
854 2702 964 2784 plenas,
980 2705 1052 2765 mol-

15 2787 111 2860 sotis,
135 2783 294 2860 glutinosas
316 2793 412 2863 gustu.
450 2787 548 2846 siccae
569 2788 740 2864 nigrescunt
760 2787 1004 2868 indurescuntque
1023 2797 1054 2848 ut

56 2886 164 2930 cornua
187 2869 279 2929 videri
305 2872 427 2948 possint.
459 2879 577 2948 praeter
598 2869 783 2948 Aethiopiam
805 2881 959 2932 nascuntur
974 2881 1003 2932 et
1022 2874 1097 2937 inlt

54 2953 107 3029 ldq
118 2961 214 3012 monte
231 2952 351 3015 Troadis
367 2963 396 3014 et
410 2954 438 3013 iu
454 2954 609 3016 Messenia.
641 2953 818 3032 colliguntur
836 2965 981 3033 autumno,
997 2958 1052 3017 sic·

56 3045 157 3098 cantur
180 3039 209 3096 in
227 3038 292 3098 sole
312 3038 421 3116 aliquot
438 3038 539 3099 diebus
564 3056 600 3098 ue
625 3039 709 3099 situm
732 3039 867 3100 sentiant.
902 3041 1054 3101 medentur

54 3119 153 3180 volvis
169 3130 256 3199 potae
273 3122 302 3180 in
315 3122 383 3181 uino
399 3120 483 3197 albo,
510 3120 692 3198 ischiadicis,
714 3121 893 3200 pleuriticis,
919 3123 1053 3185 laucihus

15 3220 46 3267 ea
57 3203 170 3264 scabris
186 3204 327 3264 decoctae
343 3215 413 3282 potu
432 3205 548 3282 dantur,
571 3206 624 3266 sed
646 3223 721 3285 quae
744 3224 782 3266 ex
798 3206 955 3285 Aethiopia
972 3207 1052 3266 venit

55 3288 161 3347 eximie
177 3295 264 3366 atque
281 3287 349 3348 ilico
366 3288 496 3367 prodest.

119 3369 182 3447 (4.)
206 3371 354 3448 Ageraton
375 3372 525 3433 ferulacea
546 3381 606 3450 est,
634 3373 754 3433 duorum
775 3374 934 3452 palmorum
954 3372 1045 3432 altitu·
1058 3383 1100 3436 ts

54 3454 132 3529 dine,
150 3454 270 3529 origano
287 3455 403 3531 similis,
426 3455 499 3516 dore
514 3455 600 3517 hallis
624 3457 731 3517 aureis.
762 3457 852 3518 huius
868 3465 963 3514 ustae
978 3452 1074 3508 nidor

868 3535 918 3598 (δὴ
