2400 3840
155 200 217 262 312
255 212 284 265 c.
300 212 396 261 rums
412 213 561 262 suonam
579 214 660 262 nnn.
675 212 766 261 mar.
783 214 894 261 xxxn.
912 210 954 266 11.
972 205 1032 278 (aa.
1045 208 1111 283 54.)

115 380 163 432 151
173 375 303 445 squatum
311 384 505 443 vocamus-,
513 366 659 444 rhombus,
668 368 991 447 scarus-principalis
1002 369 1152 451 hodie-,

156 450 249 525 solea,
264 467 378 529 sargus,
395 451 511 529 squilla,
526 450 658 510 sarda-
670 452 709 511 ita
723 460 844 511 vocatur
859 451 989 529 pelamys
1006 454 1099 533 longa
1116 476 1153 518 ex

156 551 267 594 oceano
280 536 460 610 veniens-,
473 533 619 609 scomher,
628 533 720 614 salpe,
732 551 828 610 sorus,
837 551 1006 615 scorpaena,
1019 543 1152 618 scorpio,

155 620 242 693 scius,
257 620 384 695 sciaena,
400 617 544 693 scindens,
560 616 766 695 scolopendra,
782 635 906 696 zmyrus,
922 623 1031 697 saepia,
1047 631 1152 684 strom·

155 701 217 777 hus,
230 701 361 760 solen-
372 703 434 761 sive
446 700 527 760 aulos
540 702 601 761 sive
614 700 709 763 donax
719 703 782 760 sive
794 717 871 776 onyx
883 703 944 762 sive
957 703 1170 784 dactylus—,t

154 784 324 862 spondylus,
341 785 494 860 zmarides,
508 784 622 859 stellae,
638 802 805 864 spongeae,
821 786 920 846 turdus
931 788 1005 846 iuter
1018 791 1152 850 saxatilis

152 867 274 946 nobilis,
301 868 432 942 thynnis,
459 866 569 926 thmuis
589 901 632 913 -
653 887 736 946 quem
760 868 808 927 alii
828 869 945 946 xiphian
965 881 1072 932 vocant
1092 908 1151 950 -,

152 952 274 1027 thrissn,
297 950 438 1029 torpedo,
461 950 575 1026 tethea,
602 953 743 1011 tritomum
761 984 805 998 --
824 952 1006 1030 pelamydum
1028 959 1152 1031 generis

53 1103 55 1108 .
151 1037 248 1110 magni
263 1052 300 1093 ex
317 1051 375 1111 qno
391 1044 473 1093 terna
489 1034 573 1109 cyhia
590 1035 658 1094 liunt
669 1069 726 1111 -,
748 1036 883 1111 Veneria,
898 1053 963 1111 nvs,
980 1038 1107 1114 xiphias.

110 1129 162 1183 152
222 1117 306 1197 (54.)
324 1116 375 1178 llis
391 1116 549 1178 adiciemus
568 1117 605 1177 ah
618 1116 722 1177 Ovidis
739 1121 832 1198 posita
845 1120 959 1178 nomina
977 1137 1052 1197 qnae
1072 1124 1150 1201 apud
1161 1136 1181 1176 n

87 1230 91 1235 ·
151 1203 293 1261 nominem
305 1200 390 1261 alium
401 1203 593 1279 reperiuntur,
607 1201 659 1260 sed
673 1201 805 1261 fortassis
816 1202 845 1261 in
856 1202 947 1262 Ponto
959 1209 1151 1283 nascentium,

150 1286 199 1346 nbi
219 1285 247 1345 id
265 1283 401 1344 volumen
417 1286 560 1362 supremis
578 1289 637 1344 suis
653 1283 832 1362 temporibus
849 1285 1009 1347 inchoavit:
1030 1288 1151 1366 hovem,

151 1386 304 1443 cercyrum
318 1369 346 1427 in
363 1368 492 1447 scopulis
507 1371 663 1445 viventem,
680 1368 801 1446 orphum
820 1368 1029 1448 rubentemque
1042 1374 1150 1448 erythi-

149 1471 232 1527 unm,
251 1453 349 1527 iulum,
368 1453 461 1531 pictus
478 1468 637 1526 mormyras
653 1453 792 1530 aureique
808 1453 918 1512 coloris
935 1454 1151 1533 chrysophryu,
1199 1473 1200 1534 l

151 1545 304 1616 practerea
332 1553 447 1614 parum,
472 1544 585 1613 tragum
602 1545 638 1595 et
662 1536 827 1615 placentem
851 1536 941 1597 cauda
959 1538 1179 1616 melanurnm,n

109 1632 160 1686 153
174 1620 284 1698 epodas
301 1619 349 1679 lati
367 1619 495 1695 generis.
533 1618 652 1679 Praeter
671 1619 745 1678 haec
766 1620 889 1696 insignia
906 1622 1028 1698 piscium
1048 1623 1149 1684 tradit:

152 1704 282 1763 channen
307 1720 345 1761 ex
369 1721 401 1761 se
425 1704 488 1781 ipsa
510 1705 686 1780 concipere,
707 1702 841 1779 glaucum
864 1713 974 1763 aestate
996 1722 1150 1785 numquam

151 1787 310 1864 adparere,
334 1784 491 1862 pompilum
515 1787 563 1861 qui
589 1803 706 1862 semper
730 1788 882 1846 comitetur
899 1790 1011 1847 navium
1035 1808 1150 1867 cursus,

152 1870 282 1930 chromin
298 1869 346 1946 qni
362 1867 491 1927 nidillcet
505 1868 533 1925 iu
549 1868 639 1946 aquis.
665 1866 802 1945 helopem
818 1870 886 1929 dicit
900 1888 969 1928 esse
984 1875 1094 1933 nostris
1109 1876 1148 1932 iu·

152 1955 296 2031 cognitum
311 1951 402 2028 undis,
422 1970 459 2011 ex
474 1969 531 2029 qno
548 1952 668 2030 adparet
682 1951 744 2011 tulli
760 1970 812 2011 eos
827 1954 874 2030 qni
891 1952 1013 2011 eundem
1031 1957 1146 2033 acipen-
1158 1974 1181 2012 m

151 2055 247 2103 serem
259 2037 494 2096 existimaverint.
513 2035 613 2114 helopi
624 2035 746 2114 palmam
758 2037 871 2113 saporis
882 2038 957 2095 inter
968 2038 1058 2113 piscis
1070 2039 1150 2099 multi

109 2134 160 2188 154
172 2121 290 2181 dedere.
312 2121 383 2180 Sunt
399 2129 551 2198 praeterea
567 2139 582 2179 a
598 2118 678 2178 nnllo
694 2128 814 2179 anctore
830 2121 981 2179 nominati:
1003 2121 1082 2181 sndis
1098 2123 1149 2182 La·

149 2207 208 2265 tine
224 2202 395 2282 appellatur,
410 2201 521 2263 Graece
538 2202 711 2281 sphyraena,
729 2212 826 2262 rostro
842 2202 942 2263 similis
958 2205 1074 2281 nomini,
1092 2224 1149 2265 ma·

150 2287 298 2367 gnitndine
313 2287 387 2346 inter
403 2287 611 2364 amplissimos,
629 2304 711 2346 rarus
725 2287 766 2362 is,
788 2287 840 2347 sed
857 2304 914 2345 nou
930 2288 1069 2364 degener.
1099 2307 1148 2367 ap·

150 2370 296 2452 pellantur
311 2378 341 2429 et
355 2386 464 2448 paruae
480 2370 653 2430 concharum
674 2370 792 2446 generis
816 2371 893 2429 circa
908 2370 1025 2430 Pontias
1040 2372 1148 2431 insulas
1157 2390 1181 2428 aa

26 2481 27 2484 ¹
149 2453 410 2533 frequentissimae.
437 2461 516 2514 stant
532 2453 611 2512 velut
627 2454 713 2513 suillo
730 2472 814 2513 crure
830 2453 920 2530 longo
934 2455 962 2513 in
976 2455 1083 2514 harena
1098 2456 1147 2514 de-

150 2538 402 2615 lixachiantesqne
411 2555 466 2616 qna
475 2537 595 2597 latitudo
608 2546 654 2596 est
669 2537 765 2615 pedali
778 2555 834 2596 nou
843 2540 934 2598 minus
947 2539 1040 2616 spatio
1054 2539 1149 2598 cibum

149 2630 306 2698 venantur,
331 2621 425 2681 dentis
442 2623 562 2681 circuitu
584 2623 742 2698 marginum
762 2620 868 2681 hdhent
882 2622 1048 2701 pectinatim
1073 2623 1147 2698 spis,-

150 2718 245 2782 satos,
269 2706 344 2764 intus
362 2703 495 2783 spondyli
517 2705 636 2783 grundis
653 2722 722 2764 caro
741 2713 794 2764 est.
823 2714 853 2765 et
872 2704 1012 2781 hyaenam
1036 2705 1148 2784 piscem

150 2792 207 2849 vidi
224 2792 251 2847 in
269 2788 396 2848 Aenaria
412 2787 505 2848 insula
523 2797 646 2866 captum.
680 2787 796 2848 Exeunt
813 2799 930 2868 praeter
945 2789 1019 2849 haec
1039 2806 1182 2867 purga-ac

149 2882 243 2932 menta
256 2870 349 3011 qliqna
363 2871 456 2946 relatu
468 2871 585 2949 indigna
602 2881 631 2932 et
646 2871 719 2948 algis
732 2873 829 2950 potins
842 2872 1051 2933 adnumeranda
1064 2889 1148 2949 qnam

151 2955 264 3017 animali
287 2973 329 3014 us.
795 2967 797 2970 ’
