2400 3840
300 221 380 268 nar.
396 221 488 269 mor.
502 220 613 269 xxnn.
631 215 672 268 17.
690 215 732 267 18.
752 210 939 291 (lot-105.)
1045 202 1088 273 63

93 376 175 452 side,
202 378 335 454 quoniam
358 375 518 435 hilarentur
536 374 601 452 illa,
629 376 749 436 eandem
765 377 992 455 protomediam,
1019 368 1108 455 ‹priar-¹

93 462 246 540 primatum
261 458 335 537 apud
352 477 440 536 reges
460 460 604 536 optineat,
626 460 812 537 casigneten,
836 461 969 536 quoniam
987 477 1084 520 seeum

93 547 156 623 ipsa
174 551 324 619 nascatur,
342 561 397 602 neo
413 561 475 602 oum
490 541 555 600 aliis
571 541 636 601 ullis
658 541 776 619 herbis,
799 543 918 603 eandem
940 543 1085 620 Dionyso·

93 625 298 705 nympbadem‚
313 626 447 703 quoniam
467 627 535 685 vino
557 628 629 685 mire
652 631 814 686 conveniat.
847 624 1017 698 Helianthes
1033 645 1084 687 vo-

70 711 183 772 teatin
206 708 430 786 Themiscyrena
458 709 581 791 regione
605 717 636 769 et
663 707 783 770 (lilieiae
807 710 953 770 montibus
978 711 1084 770 mariti-

91 795 158 870 mis,
172 792 245 852 lolio
261 793 353 867 myrti.
370 792 424 852 bae
437 810 500 852 enm
512 791 596 870 adipe
609 792 727 853 leonino
740 792 871 869 decocta,
886 793 981 853 addito
995 810 1083 854 oroeo

93 886 124 938 et
139 877 253 956 palmeo
274 878 354 952 vino,
376 878 519 954 perungui
538 874 641 953 blagos
664 885 694 935 et
715 876 868 936 Persarum
883 896 972 954 reges
991 884 1022 936 ut
1036 877 1084 937 fiat

93 977 200 1039 eorpus
218 959 357 1036 adspectu
372 959 540 1034 iucundum,
561 958 629 1019 ideo
652 959 772 1020 eandem
793 959 976 1020 heliocallida
994 962 1084 1020 nomi·

93 1045 164 1104 nari.
203 1040 368 1101 llermesias
385 1042 421 1102 ab
437 1041 540 1103 eodem
560 1051 681 1103 vocatur
695 1043 729 1102 ad
744 1043 855 1103 liberos
877 1044 1064 1120 generandos
1075 1052 1127 1107 166

59 1126 231 1206 aopulobros
256 1125 408 1203 bonosque
433 1142 491 1185 non
520 1125 610 1185 berba
624 1126 676 1185 sed
697 1128 860 1205 conpositio
878 1145 895 1186 e
915 1126 1028 1188 nucleis
1043 1128 1085 1205 pi·

94 1228 167 1281 neae
192 1210 273 1268 nucis
292 1210 368 1267 tritis
388 1225 451 1267 eum
472 1208 577 1284 melle,
606 1227 712 1284 murra,
743 1227 842 1287 oroeo,
873 1211 939 1270 vino
957 1210 1084 1289 palmeo,

95 1301 200 1373 postea
214 1292 338 1351 admixto
351 1291 547 1351 theombrotio
562 1300 592 1351 et
609 1291 697 1368 laete,
716 1292 820 1353 bibere
835 1302 1028 1370 generaturos
1043 1296 1085 1352 iu·

93 1377 145 1436 bet
160 1385 190 1436 et
205 1393 221 1434 a
236 1382 391 1453 conceptu,
409 1392 569 1454 puerperas
585 1383 696 1453 partum
710 1377 879 1452 nutrientis,
900 1378 940 1436 ita
955 1377 1018 1436 iteri
1035 1395 1088 1436 ex·

94 1458 228 1520 callentis
244 1460 328 1518 animi
345 1467 375 1519 et
388 1460 499 1518 formae
525 1458 619 1517 bonis.
656 1467 742 1536 atque
760 1457 859 1518 barum
879 1461 1005 1518 omnium
1025 1458 1083 1518 lla·

57 1571 84 1613 1⁶
93 1545 157 1621 gioa
176 1559 291 1620 quoque
311 1541 452 1602 voeabula
475 1543 565 1620 ponit.
595 1540 712 1602 Adiecit
734 1540 778 1601 bis
796 1541 996 1620 Apollodorus
1017 1543 1064 1602 ad·
1076 1551 1128 1607 lbi

94 1634 223 1687 seotator
248 1627 310 1687 eius
336 1626 454 1686 herbam
476 1625 744 1701 aeschynomenen‚
774 1628 908 1702 quoniam
931 1626 1086 1705 adpropin-

93 1716 199 1788 quante
215 1727 298 1769 mann
311 1709 384 1768 lolia
393 1709 590 1783 contraheret,
603 1709 687 1768 aliam
701 1708 827 1786 crocina,
844 1709 1087 1788 ouinstaetupba·

92 1783 188 1871 laragia
218 1800 417 1868 morerentur,
448 1790 587 1852 Crateuas
621 1791 800 1866 onothurim,
830 1795 911 1853 euius
942 1793 1084 1871 adspersu

94 1895 111 1936 e
128 1878 197 1936 vino
213 1876 314 1935 leritas
331 1877 454 1935 omnium
469 1875 629 1935 animalium
647 1877 845 1953 mitigaretur,
867 1894 1085 1954 anacampsero-

55 1975 83 2016 πο
95 1968 153 2019 tem
167 1959 289 2019 oeleber
303 1966 366 2018 arte
382 1961 565 2036 grammatica
579 1958 664 2037 paulo
683 1965 765 2034 ante,
777 1961 858 2018 ouius
874 1961 989 2019 omnino
1007 1966 1086 2019 taetu

93 2042 224 2104 redirent
236 2059 351 2102 amores
365 2041 413 2101 vel
429 2060 493 2101 eum
509 2041 576 2101 odio
597 2041 733 2120 depositi.
749 2040 786 2100 Et
801 2042 914 2102 abunde
932 2044 970 2101 sit
987 2041 1087 2102 baete--

94 2145 146 2186 nus
162 2126 295 2202 attigisse
309 2126 432 2202 insignia
447 2124 598 2203 Magorum
613 2126 642 2184 in
657 2124 756 2185 herbis
774 2124 829 2186 alia
852 2125 888 2186 de
903 2125 948 2185 bis
968 2126 1089 2204 aptiore

92 2208 211 2270 dicturis
229 2208 304 2269 loco.
782 2225 784 2228 ·
820 2232 821 2235 ¹

158 2290 204 2352 18.
213 2291 315 2373 (103.)
331 2291 478 2370 Eripbiam
487 2293 566 2354 multi
579 2292 743 2370 prodidere.
759 2290 1023 2354 scarabaeumbaee
1034 2294 1064 2354 in
1077 2304 1133 2359 168τ

57 2375 1088 2454 aaavenababetsursumdeorsumdeeurrentemeomsonohaedi,unde·

93 2467 235 2520 etnomeu
247 2458 370 2538 aceepit
386 2459 439 2520 bae
446 2459 666 2521 aduocemnilil
674 2463 869 2538 praestantius
882 2479 950 2520 esse
960 2460 1082 2521 tradunt

153 2543 257 2622 (104.)
286 2540 384 2603 llerba
395 2533 502 2603 lanaria
519 2543 622 2604 ovibus
638 2544 741 2603 ieiunis
757 2543 822 2603 data
843 2543 925 2603 laetis
941 2543 1085 2602 abundan-

92 2627 161 2686 tiam
175 2626 251 2685 iacit.
281 2642 375 2703 aeque
391 2636 459 2687 nota
474 2627 593 2687 lactoris
609 2625 699 2702 volgo
720 2634 782 2701 est,
802 2624 887 2703 plena
908 2625 990 2686 laetis
1007 2626 1085 2702 quod

92 2708 274 2787 degustatum
288 2711 463 2770 vomitiones
478 2711 612 2770 eoncitat.
639 2708 758 2769 eandem
772 2708 844 2768 bano
858 2709 945 2786 aliqui
962 2727 1030 2768 esse
1043 2709 1084 2768 di-

56 2800 170 2871 ooeunt,
185 2790 233 2850 alii
248 2792 370 2853 slmilem
385 2793 426 2853 illi
444 2811 528 2871 quam
543 2792 694 2852 militarem
708 2801 822 2870 vocant,
836 2793 969 2869 quoniam
980 2792 1083 2853 volnus

91 2876 173 2937 ierro
190 2876 296 2959 laetum
315 2875 422 2936 nullum
443 2894 500 2938 non
524 2878 597 2936 intra
617 2874 680 2935 dies
701 2877 826 2954 quinque
845 2882 927 2935 sanat
953 2895 991 2936 ex
1014 2877 1082 2937 oleo

92 2960 227 3039 inposito.

155 3044 258 3123 (105.)
292 3042 465 3105 celebratur
480 3052 574 3104 autem
595 3052 624 3104 et
647 3061 663 3103 a
683 3042 801 3103 Graecis
818 3045 985 3118 stratiotes,
1012 3043 1065 3103 sed
1075 3054 1133 3108 169

93 3144 128 3187 ea
143 3129 173 3187 in
192 3124 332 3206 Aegypto
345 3136 452 3189 tantum
469 3135 499 3188 et
516 3127 700 3186 inundatione
714 3125 772 3185 Nili
784 3129 926 3203 nascitur,
943 3128 1027 3186 aizoo
1045 3127 1083 3185 si-

58 3225 84 3268 ae
93 3211 186 3286 milis,
201 3211 229 3269 ni
247 3213 356 3272 maiora
380 3212 502 3272 baberet
523 3210 602 3270 iolla.
632 3209 788 3286 refrigerat
806 3211 878 3270 mire
905 3218 936 3270 et
961 3210 1082 3271 volnera

93 3303 174 3355 sanat
190 3311 228 3354 ex
249 3303 334 3356 aeeto
353 3295 451 3373 inlita,
481 3296 550 3354 item
575 3293 650 3369 ignis
673 3310 773 3353 saeros
797 3301 826 3354 et
848 3293 1080 3371 suppurationes.

94 3380 389 3459 sanguinemquoque
407 3380 455 3458 qui
478 3375 578 3436 deduit
593 3393 609 3435 a
623 3377 742 3449 renibus
758 3385 827 3455 pota
852 3395 914 3436 eum
939 3383 1003 3434 ture
1024 3392 1085 3435 ma·

94 3461 175 3523 saulo
191 3462 311 3523 mirifice
327 3465 411 3523 sistit.
