2400 3840
143 173 205 236 286
496 186 526 234 o.
544 187 639 234 rnrur
656 185 806 234 sucuunr

144 339 220 420 quod
245 358 278 399 se
305 348 459 402 revocaret
481 340 809 418 quadringentorumque
829 341 969 416 remigum
995 339 1141 419 obsequio

114 433 242 486 scontra
263 442 294 483 se
315 422 518 483 intercederet.
550 422 700 484 constabat
720 423 904 501 peculiariter
923 424 1054 482 miratum
1070 440 1140 500 quo·

141 508 227 567 modo
248 507 410 567 adhaerens
424 508 565 567 tenuisset
581 524 636 566 uec
652 507 728 566 idem
745 506 872 585 polleret
887 507 916 566 iu
933 507 1077 582 navigium
1095 524 1139 565 re·
1189 490 1195 524 '

142 600 254 669 ceptus.
276 591 323 668 qui
332 600 398 650 tunc
410 599 572 670 posteaque
584 589 684 649 videre
697 608 760 649 eum
772 591 867 649 limaci
882 607 1003 666 magnae
1017 589 1140 648 similem

142 692 209 734 esse
229 673 333 732 dieunt.
355 691 409 734 nos
422 674 544 752 plurium
560 675 713 751 opiniones
729 675 876 751 posuimus
891 675 920 732 in
935 681 1034 732 natura
1052 689 1138 749 aqua·
1151 689 1164 728 u

99 777 180 820 amu
195 757 299 832 tilium,
318 776 380 816 cum
397 757 433 816 de
449 773 485 815 cc
501 757 671 816 diceremus.
702 776 757 816 uec
772 754 931 816 dubitamus
944 755 1021 816 idem
1038 754 1138 814 valere

141 843 234 901 omnia
249 858 283 899 ea
296 857 424 916 genera,
448 856 511 898 cum
528 838 636 899 celebri
658 850 687 899 et
708 848 880 900 consecrato
901 839 986 899 etiam
1001 837 1138 917 exemplo

140 924 215 1002 apud
230 922 357 982 Cnidiam
365 924 511 984 Venerem
528 922 657 982 conchas
674 942 792 1002 quoque
807 941 874 982 esse
890 923 1018 982 eiusdem
1036 929 1138 999 poten·

112 1009 196 1071 fatiae
220 1006 299 1066 credi
321 1024 445 1066 necesse
468 1006 513 1065 sit.
547 1005 571 1064 E
592 1007 699 1066 nostris
716 1007 828 1086 quidam
842 1005 941 1066 Latine
962 1022 1073 1064 moram
1088 1021 1137 1083 ap-

140 1089 289 1169 pellavere
299 1107 373 1165 eum,
384 1091 552 1169 mirumque,
566 1108 582 1148 e
595 1089 713 1149 Graecis
730 1092 776 1150 alii
791 1089 920 1149 lubricos
936 1098 1035 1168 partus
1051 1097 1138 1166 atque
1148 1097 1168 1140 rt

98 1192 144 1232 are
153 1173 330 1251 procidentis
342 1176 483 1234 contineri
502 1174 538 1233 ad
557 1174 746 1232 maturitatem
764 1172 935 1250 adalligato,
955 1181 985 1231 ut
1004 1171 1139 1247 diximus,

140 1255 335 1334 prodiderunt,
346 1257 394 1317 alii
410 1258 471 1317 sale
480 1258 661 1317 adservatum
674 1257 914 1334 adalligatumque
928 1253 1057 1332 gravidis
1074 1270 1139 1332 par·

138 1349 183 1400 tus
199 1340 326 1416 solvere,
340 1341 376 1400 ob
393 1341 421 1400 id
437 1342 494 1400 alio
509 1341 624 1400 nornine
640 1341 808 1414 odinolyten
828 1337 979 1417 appellari.
1001 1354 1139 1416 quocum·

139 1443 194 1503 que
205 1424 292 1484 modo
304 1425 358 1483 ista
370 1423 530 1500 sehabent,
546 1426 609 1502 quis
625 1423 660 1484 ab
673 1422 854 1484 hocteueudi
869 1422 985 1498 navigia
1000 1419 1139 1499 exemplo

138 1506 174 1566 de
193 1507 251 1568 ulla
272 1509 398 1586 potentia
419 1517 537 1567 naturae
557 1508 642 1585 vique
659 1516 689 1565 et
712 1507 817 1567 ellectu
834 1507 862 1564 iu
878 1504 1014 1564 remediis
1031 1511 1168 1582 spontem

137 1591 313 1651 nascentium
327 1609 422 1651 rerum
438 1588 568 1650 dubitet?
1021 1589 1024 1593 ’

108 1680 124 1736 7
198 1673 260 1752 (2.)
278 1671 374 1748 Quid?
389 1690 447 1732 non
458 1683 487 1732 et
499 1675 562 1732 sine
574 1672 631 1733 lroc
648 1674 784 1751 exemplo
801 1690 854 1751 per
869 1691 902 1732 se
917 1673 987 1732 satis
1004 1678 1086 1730 esset
1101 1687 1139 1728 ex

37 1817 40 1823 ,
138 1756 240 1815 eodem
253 1757 323 1816 mari
332 1755 478 1833 torpedo?
491 1757 576 1815 etiam
587 1758 690 1833 procul
704 1766 733 1816 et
748 1776 764 1816 e
776 1754 1004 1834 longinquare}
1017 1754 1044 1812 si
1055 1752 1137 1812 hasta

136 1841 255 1916 virgave
271 1839 435 1915 attingatur,
460 1839 587 1916 quamvis
605 1840 792 1917 praevalidos
807 1839 935 1899 lacertos
951 1846 1135 1916 torpescere,
1194 1848 1197 1899 t

136 1920 292 2001 quamlibet
306 1923 341 1983 ad
355 1940 468 1982 cursum
480 1921 594 1982 velocis
608 1922 732 2000 adligari
753 1919 865 2002 pedes?
881 1921 959 2000 quod
973 1921 998 1979 si
1010 1926 1168 1979 necessett
1194 1948 1197 2002 ';

135 2006 274 2068 babemus
294 2007 381 2066 lateri
404 2005 461 2066 hoc
483 2005 618 2084 exemplo
641 2024 709 2066 esse
725 2008 781 2065 vim
804 2005 927 2084 aliquam
947 2021 1024 2082 quae
1043 2000 1135 2063 odore
1196 2077 1197 2081 Ἰ

134 2100 241 2151 tantum
256 2099 285 2149 et
297 2090 418 2168 quadam
432 2107 501 2149 aura
516 2090 649 2166 corporis
665 2093 708 2149 sui
721 2089 835 2149 adliciat
845 2088 984 2164 membra,
997 2084 1067 2164 quid
1081 2100 1136 2145 non

135 2173 171 2233 de
186 2173 377 2233 remediorum
393 2173 515 2233 omnium
533 2175 685 2231 momentis
701 2173 872 2250 sperandum
890 2169 956 2231 est?

106 2263 124 2316 8
198 2256 262 2335 (3.)
281 2254 347 2314 Non
363 2265 428 2315 suut
444 2256 535 2314 miuus
546 2256 616 2314 mira
633 2273 707 2332 quae
725 2256 760 2315 de
776 2256 879 2333 lepore
896 2254 1006 2314 marino
1021 2251 1136 2311 tradun-

133 2348 188 2398 tur.
217 2356 360 2398 venenum
379 2347 423 2398 est
438 2338 502 2398 aliis
518 2340 546 2396 iu
569 2346 638 2416 potu
654 2349 702 2398 aut
723 2339 751 2397 in
773 2337 839 2399 cibo
856 2339 953 2414 datus,
972 2335 1170 2396 aliis'etiamrs

133 2424 208 2499 visu,
222 2422 361 2501 siquidem
375 2422 524 2498 gravidae,
538 2423 562 2480 si
578 2423 693 2481 omnino
706 2422 892 2501 adspexerint
903 2422 1038 2481 feminam
1049 2436 1088 2477 en
1100 2433 1137 2476 eo

133 2524 243 2583 genere
260 2506 421 2581 dumtaxat,
444 2507 538 2565 statim
561 2505 692 2565 nausiant
714 2515 743 2565 et
763 2504 972 2581 redundatione
995 2500 1137 2560 stomachi

132 2591 231 2649 vitium
245 2589 370 2649 fatentur
386 2607 421 2649 ac
442 2588 545 2648 deinde
561 2588 692 2649 abortum
712 2588 829 2648 iaciunt.
856 2587 988 2647 remedio
1011 2593 1057 2643 est
1076 2588 1138 2643 mas

133 2673 170 2732 ob
186 2674 213 2733 id
230 2674 377 2734 induratus
392 2672 453 2733 sale
471 2681 501 2732 ut
522 2674 550 2731 iu
568 2671 783 2732 bracchialibus
801 2671 935 2731 habeant.
966 2666 1068 2738 cadem
1087 2685 1138 2726 res

132 2757 159 2814 iu
174 2758 244 2817 mari
260 2776 297 2816 ne
314 2766 390 2817 tactu
404 2756 519 2834 quidem
535 2765 633 2815 nocet.
654 2756 783 2815 vescitur
800 2771 837 2813 eo
852 2759 1062 2814 unumtautum
1076 2751 1174 2810 ani-ao

133 2840 248 2899 malium
263 2850 293 2899 ut
308 2857 365 2915 pou
388 2842 528 2914 intereat,
552 2838 760 2917 mulluspiseis.
792 2839 953 2898 tenerescit
976 2843 1088 2894 tantum
1109 2843 1140 2894 et

104 2924 251 2987 9inertior
272 2923 415 3001 viliorque
440 2924 479 2982 lit.
520 2923 651 2983 homiues
677 2922 779 2999 quibus
800 2922 934 3000 inpactus
960 2927 1006 2978 est
1026 2917 1140 2995 piscem

132 3005 223 3081 olent,
236 3004 293 3064 hoc
309 3008 401 3084 primo
419 3015 588 3083 argumento
601 3007 772 3065 veneficium
787 3004 816 3064 id
828 3001 1064 3083 deprehenditur.
1089 3017 1139 3060 oe·

130 3098 195 3150 tero
207 3090 364 3149 moriuntur
375 3090 496 3149 totidem
508 3091 540 3148 iu
546 3089 646 3149 diebus
661 3098 731 3168 quot
742 3090 847 3148 vixerit
861 3089 957 3167 lepus,
973 3084 1139 3161 incertique

131 3174 271 3250 temporis
291 3174 462 3232 veneficium
486 3171 515 3231 id
538 3176 605 3232 esse
629 3181 731 3232 auctor
753 3181 798 3231 cst
820 3172 945 3232 Licinius
967 3168 1077 3230 macer.
1110 3168 1171 3228 inu

129 3253 209 3316 ludia
231 3255 378 3316 adlirmaut
400 3274 458 3316 uon
481 3257 546 3334 capi
568 3256 712 3315 viventem
734 3257 916 3335 invicemque
937 3253 976 3314 ibi
992 3249 1139 3313 bominem

131 3339 173 3397 illi
187 3357 240 3416 pro
253 3357 367 3399 veneno
380 3357 447 3398 esse
463 3358 497 3399 ac
510 3340 559 3398 vel
571 3339 660 3417 digito
676 3341 790 3400 omniuo
803 3342 830 3399 iu
845 3340 916 3403 mari
928 3346 1035 3398 tactum
1051 3341 1139 3416 mori,

137 3439 204 3481 esse
220 3431 314 3482 autem
330 3423 498 3501 ampliorem
514 3423 603 3483 multo
619 3425 702 3484 sicuti
717 3424 828 3502 reliqua
844 3422 987 3483 animalia.
