2400 3840
149 187 209 248 270
491 198 520 246 c.
536 198 630 245 emm
650 196 801 245 saeuum

148 353 212 413 dam
231 362 325 412 terrae
342 351 478 410 imbribus
495 352 635 409 sicciores
651 352 735 424 hunt,
751 351 873 410 velutin
888 350 1041 410 Narniensi
1057 368 1140 428 agro,
1199 368 1200 397 ³

149 437 226 515 quod
240 435 411 494 admirandis
426 436 484 493 suis
499 435 617 492 inseruit
631 433 668 493 ll.
689 432 810 509 Cicero,
828 435 959 492 siccitate
975 432 1063 492 lutum
1079 435 1142 493 lieri
1199 489 1200 510 ,

148 520 292 598 prodens,
309 517 399 576 imbre
417 517 577 596 pulverem.
1199 511 1200 526 ¹

105 614 139 666 52
210 601 295 681 (29.)
326 600 423 659 Omnis
449 618 522 677 aqua
547 600 639 658 hieme
666 599 777 659 dulcior
803 608 863 674 est,
899 606 1009 658 aestate
1038 600 1141 674 minus,

147 693 277 745 autumno
300 685 439 757 minume,
461 684 608 759 minusque
629 700 682 759 per
703 683 858 741 siccitates.
897 699 992 759 neque
1010 683 1164 759 aequalis's

147 771 267 828 amnium
278 767 447 844 plerumque
458 774 559 841 gustus
570 775 615 824 est
628 782 730 841 magna
742 767 818 824 alvei
834 764 1004 825 differentia.
1032 767 1142 843 quippe

146 852 219 911 tales
234 859 299 908 sunt
311 860 403 926 aquae
420 848 511 925 qualis
530 858 607 908 terra
625 865 678 926 per
696 865 778 925 quam
795 847 883 907 fluunt
900 847 1061 925 qualesque
1076 846 1141 908 her·

148 934 245 992 barum
261 950 332 1009 quas
349 931 444 989 lavant
465 932 536 990 suci.
573 948 645 1007 ergo
660 930 746 990 iidem
763 948 861 990 amnes
880 940 964 1008 parte
979 931 1075 1009 aliqua
1096 949 1140 990 re·

146 1016 294 1093 periuntur
313 1013 483 1072 insalubres.
514 1023 621 1074 mutant
642 1031 776 1091 saporem
798 1023 827 1072 et
845 1013 998 1072 induentes
1019 1015 1089 1090 riri,
1112 1023 1141 1073 ut

146 1095 360 1172 Borysthenen,
375 1098 501 1174 victique
516 1096 666 1157 diluuntur.
696 1097 783 1175 aliqui
794 1113 866 1156 uero
884 1105 912 1155 et
926 1095 1017 1155 imbre
1032 1106 1138 1156 mutan·
1150 1116 1171 1157 n

146 1191 200 1240 tur.
234 1189 279 1238 ter
300 1180 405 1240 accidit
416 1182 444 1239 in
461 1179 593 1258 Bosporo
615 1188 644 1238 ut
665 1180 733 1239 salsi
753 1180 923 1239 deciderent
944 1189 1141 1257 necarentque

146 1264 301 1338 frumenta,
320 1266 424 1323 totiens
440 1273 468 1322 ct
483 1264 540 1322 Nili
562 1264 642 1339 rigua
663 1263 778 1341 pluviae
799 1280 893 1322 amara
917 1263 1019 1321 iecere
1038 1280 1140 1340 magua
1192 1248 1195 1337 l

147 1347 310 1425 pestilentia
326 1347 465 1424 Aegypti.

104 1442 138 1494 53
211 1430 293 1508 (30.)
322 1428 484 1500 Nascuntur
505 1429 600 1488 fontes
624 1429 731 1488 decisis
753 1429 922 1506 plerumque
945 1427 1045 1503 silvis,
1068 1444 1140 1505 quos

147 1513 278 1572 arborum
304 1512 437 1571 alimenta
459 1511 680 1586 consumebant,
705 1512 779 1572 sicut
800 1514 828 1570 iu
853 1511 962 1571 llaemo
986 1510 1170 1570 obsidente1⁵

145 1595 243 1654 Gallos
261 1594 440 1668 Cassandro,
466 1613 529 1654 eum
546 1594 616 1654 valli
634 1597 725 1671 gratia
745 1594 833 1654 silvas
856 1593 1042 1653 cecidissent.
1077 1593 1138 1672 ple-

145 1696 263 1754 rumque
285 1693 355 1735 vero
371 1677 497 1736 damnosi
515 1687 658 1737 torrentes
676 1679 859 1737 conrivantur
873 1676 1003 1737 detracta
1015 1677 1138 1737 collibus

146 1761 217 1818 silua
234 1760 383 1818 continere
397 1760 508 1819 nimbos
524 1778 560 1819 ae
570 1760 705 1836 digerere
720 1768 868 1819 consueta.
897 1768 926 1817 et
941 1760 1001 1819 eoli
1015 1761 1137 1819 moueri·

146 1861 201 1920 que
218 1852 322 1901 terram
341 1841 502 1919 callumque
523 1860 647 1901 summae
663 1846 735 1901 cutis
757 1843 830 1902 solvi
852 1860 988 1920 aquarum
1007 1844 1137 1901 interest.
1191 1852 1194 1905 :

145 1926 273 2003 proditur
294 1934 374 1983 certe
394 1928 423 1983 iu
447 1924 533 1985 Creta
562 1936 726 2004 expugnato
750 1926 857 2002 oppido
883 1924 959 2002 quod
980 1925 1192 2021 vocabaturtt¹

145 2009 269 2068 Arcadia
286 2026 419 2067 cessasse
435 2009 522 2068 loutis
537 2012 683 2086 amnisque
701 2011 748 2086 qui
770 2011 798 2067 in
822 2026 858 2067 eo
879 2010 933 2067 situ
957 2009 1038 2067 multi
1059 2014 1139 2075 eraut

143 2111 242 2151 rursus
259 2090 374 2150 condito
400 2101 468 2168 post
487 2110 541 2151 sex
558 2109 648 2151 annos
670 2093 838 2166 emersisse,
859 2101 890 2151 ut
912 2109 1045 2168 quaeque
1073 2108 1137 2150 coe·
1189 2162 1192 2167 Ι

142 2177 253 2251 pissent
267 2183 365 2251 partes
384 2175 451 2232 coli.
1189 2176 1192 2183 '

102 2269 136 2322 54
209 2258 239 2316 5.
268 2256 377 2315 'l'errae
399 2274 514 2334 quoque
531 2265 625 2315 motus
644 2256 816 2335 profundunt
839 2257 1017 2335 sorbentque
1034 2273 1135 2334 aquus,

144 2341 216 2398 siout
233 2340 309 2398 circa
332 2339 477 2398 Pheneum
500 2339 643 2398 Arcadiae
660 2341 830 2416 quinquiens
851 2341 994 2400 accidisse
1011 2347 1134 2399 constat.
1146 2349 1169 2388 ²⁵

143 2425 186 2482 sic
212 2431 241 2481 et
267 2423 295 2480 in
323 2421 439 2496 Coryco
464 2431 559 2482 monte
589 2425 677 2481 amuis
706 2425 800 2499 erupit
822 2433 983 2501 posteaque
1013 2431 1137 2500 coeptus

143 2514 187 2565 est
204 2505 270 2565 coli.
300 2506 348 2566 illa
364 2507 481 2565 mutatio
499 2508 585 2580 mira,
603 2505 650 2564 ubi
665 2523 750 2565 causa
765 2505 842 2566 nulla
865 2506 984 2565 evidens
1003 2505 1136 2584 adparet,

143 2591 216 2648 sicut
235 2590 265 2646 in
286 2589 434 2665 Magnesia
460 2608 476 2647 e
499 2587 591 2648 calida
611 2590 686 2647 facta
707 2588 828 2664 frigida,
856 2589 925 2648 salis
945 2606 1002 2648 nou
1027 2595 1137 2647 mutato

143 2688 265 2749 sapore,
287 2681 316 2731 et
339 2675 367 2730 r'n
391 2671 492 2746 Curia,
515 2670 562 2730 ubi
580 2670 705 2749 Neptuni
729 2671 866 2748 templum
885 2680 947 2746 est,
975 2672 1067 2731 aronis
1089 2671 1138 2748 qni

100 2756 238 2818 eoiuerat
264 2764 328 2814 ante
355 2755 447 2815 dulcis
467 2764 589 2815 mumius
612 2755 640 2812 in
664 2754 752 2813 salem
778 2763 831 2813 est.
879 2764 908 2813 et
933 2753 983 2813 illa
1004 2751 1167 2815 miraculisn

142 2838 236 2914 pleua,
251 2838 423 2898 Arethusam
439 2839 591 2912 Syracusis
603 2839 696 2896 limum
710 2837 845 2897 redolere
862 2855 916 2914 per
927 2836 1072 2915 Olympia,
1086 2853 1136 2894 ve·

142 2923 224 2997 rique
243 2922 351 2997 simile,
368 2923 499 2999 quoniam
516 2920 647 2998 Alpheus
659 2920 688 2977 in
702 2937 764 2978 eam
779 2921 898 2980 insulam
914 2919 966 2979 sub
978 2921 1032 2979 ima
1048 2919 1137 2978 maria

141 3013 280 3081 permeet.
308 3004 485 3065 Rhodiorum
503 3004 568 3063 fons
585 3004 613 3061 iu
630 3000 834 3062 Chersonneso
849 3019 925 3062 nono
940 3019 1014 3062 auno
1031 3018 1135 3080 purga·

141 3097 235 3147 menta
250 3089 353 3163 egerit.
385 3096 524 3146 mutantur
545 3095 573 3144 et
589 3085 705 3143 colores
728 3103 880 3164 aquarum,
897 3087 971 3144 sieut
985 3084 1136 3161 Babylone
1177 3146 1182 3157 ,

99 3182 133 3234 56
145 3171 225 3230 lacus
242 3179 351 3229 aestate
367 3168 467 3227 rubras
483 3168 568 3227 habet
583 3167 683 3227 diebus
697 3168 748 3229 Xl.
780 3178 809 3229 et
823 3168 1019 3243 Borysthenes
1042 3173 1165 3229 aesta-³⁵

141 3255 178 3311 tis
193 3251 369 3329 temporibus
388 3252 537 3311 caeruleus
552 3252 658 3325 fertur,
675 3270 844 3330 quamquam
860 3254 982 3312 omniurn
997 3269 1135 3330 aquarum
1187 3240 1191 3361 p

140 3336 338 3410 tenuissimus,
353 3335 478 3412 ideoque
494 3337 622 3393 innatans
639 3334 767 3412 Hypani,
788 3338 816 3393 in
832 3352 888 3412 quo
904 3343 934 3395 et
952 3334 1024 3395 illud
1050 3338 1132 3396 mira·

140 3417 214 3496 bile,
234 3420 336 3478 austris
353 3418 485 3485 dantibus
501 3419 680 3495 superiorem
694 3417 834 3496 Hypanim
859 3419 930 3478 lieri.
967 3418 1019 3479 sed
1038 3420 1131 3481 tenui·
1186 3442 1191 3591 p
