2400 3840
131 196 192 259 1³2
244 232 249 241 ·
480 207 511 256 o.
528 206 787 256 anmrsscnnnt

128 363 236 425 minam
249 363 478 442 cietvolrasque
485 370 601 442 purgat,
613 371 695 423 tanto
702 363 796 440 magis
811 357 1011 422 insidentibus.
1035 376 1125 422 musa

128 449 249 509 nominis
265 464 323 508 uon
337 446 428 523 baec,
447 446 500 507 sed
514 447 648 526 quoniam
665 445 823 506 diutissime
836 461 896 505 non
909 443 1075 505 unomen.

87 541 122 596 14
197 532 260 609 (5.)
283 530 360 591 Aloe
376 530 479 591 scillae
496 530 707 590 similitudinem
722 530 821 606 babet,
837 528 930 588 maior
944 535 976 588 et
989 528 1124 608 pinguio-

129 614 209 674 ribus
226 615 314 692 foliis,
330 632 368 674 ex
382 613 502 692 obliquo
520 614 628 674 striata.
659 613 750 674 caulis
768 614 830 673 eius
841 621 926 673 tenet
941 617 998 688 est,
1013 611 1125 672 rubens

130 697 250 774 medius,
267 715 324 757 uon
340 697 486 757 dissimilis
502 697 659 774 antherici,
680 696 780 758 radice
795 715 851 757 una
864 714 918 757 ceu
934 694 1004 774 palo
1018 695 1049 754 in
1066 704 1149 755 ter-s

129 799 190 842 ram
205 782 339 856 demissa,
355 781 438 857 gravi
452 780 559 857 odore,
576 789 662 858 gustu
676 798 782 842 amara.
812 779 1006 842 laudatissima
1022 796 1062 838 ex
1078 777 1124 838 ln·

131 865 177 924 dia
194 864 336 938 adfertur,
358 862 411 923 sed
424 865 552 925 nascitur
568 866 642 924 et'in
655 864 742 941 Asia,
765 881 822 924 non
841 873 938 924 tamen
959 881 993 922 ea
1008 869 1125 922 utuntur

129 948 184 1007 uisi
198 948 235 1007 ad
248 947 369 1007 volnera
384 946 552 1007 recentibus
562 947 651 1023 foliis,
666 948 787 1008 mirifice
797 949 873 1007 enim
883 945 1062 1024 conglutinat
1075 944 1125 1006 vel

131 1047 213 1089 succ.
244 1028 281 1088 ob
312 1029 340 1091 id
361 1032 390 1089 in
411 1029 571 1091 turbinibus
593 1030 730 1092 cadomm
751 1049 814 1092 eam
838 1037 938 1091 serunt
957 1037 989 1088 ut
1011 1030 1125 1090 aizoum

89 1125 123 1177 15
134 1115 235 1173 mains.
268 1114 382 1190 quidam
397 1124 427 1174 et
448 1115 559 1176 caulem
573 1125 639 1175 ante
655 1118 848 1176 maturitatem
868 1115 984 1174 seminis
997 1112 1125 1175 incidunt
1133 1131 1155 1173 ιι

131 1198 194 1257 suci
209 1199 313 1274 gratia
328 1197 417 1276 aliqui
435 1198 559 1279 etfolia.
591 1200 733 1258 inuenitur
752 1208 783 1258 et
804 1216 858 1277 per
880 1204 913 1257 s'e
935 1196 1055 1257 lacrima
1075 1195 1124 1258 ad·

132 1280 266 1341 haerens.
303 1299 377 1358 ergo
418 1282 644 1342 arimentaudum
665 1282 714 1342 ubi
735 1291 796 1343 sata
820 1283 857 1341 sit
878 1286 1014 1357 censent,
1034 1289 1067 1340 nt
1083 1280 1123 1340 la·

133 1366 220 1425 omma
235 1382 292 1424 nou
308 1301 506 1426 absorlaatur.
536 1367 619 1426 inere
642 1367 690 1444 qui
706 1366 853 1426 traderent
872 1365 901 1424 in
913 1363 1020 1424 Iudaea
1035 1381 1125 1444 supet

130 1447 333 1524 Hierosolyma
356 1449 528 1510 metallicam
550 1452 612 1509 eius
630 1458 771 1526 naturam,
793 1448 846 1508 sed
868 1446 945 1507 nulla
967 1448 1061 1523 magis
1083 1448 1123 1507 in·

90 1542 124 1596 16
135 1532 228 1612 proba
248 1541 309 1608 est,
336 1547 431 1611 neque
454 1532 511 1592 alia
532 1534 641 1609 nigrior
662 1542 707 1592 est
734 1541 782 1593 aut
800 1532 931 1593 umidior.
968 1532 1023 1589 erit
1050 1543 1155 1608 ergoet

133 1624 250 1693 optuma
264 1615 380 1693 pinguis
395 1632 431 1675 ac
453 1616 555 1692 nitida,
575 1617 629 1678 ruli
654 1615 772 1692 coloris,
794 1613 916 1675 friabilis
936 1623 966 1673 et
986 1613 1125 1674 iocineris

131 1697 218 1757 modo
240 1707 359 1773 coacta,
381 1698 470 1758 facule
491 1699 673 1778 liquescens,
691 1699 870 1779 inprobanda
890 1699 973 1774 nigra
995 1705 1025 1759 et
1044 1696 1124 1772 dura,

131 1780 275 1840 harenosa
290 1798 422 1859 quaeque
438 1790 523 1859 gustu
537 1783 714 1861 intellegitur
729 1784 831 1843 cummi
845 1781 1003 1841 adulterata
1018 1788 1049 1839 et
1061 1797 1125 1841 aca-

132 1866 187 1923 cia.
215 1873 315 1924 natura
330 1866 394 1924 eius
409 1867 551 1944 spissare,
567 1866 688 1926 densare
703 1875 733 1926 et
751 1866 857 1926 leniter
872 1863 1033 1938 calfacere,
1055 1879 1125 1924 usus

130 1946 159 2007 lu
173 1947 278 2024 multis,
293 1947 346 2008 sed
361 1949 530 2029 principalis
543 1949 638 2010 alvom
652 1950 781 2026 solvere,
797 1967 861 2009 cum
878 1965 972 2027 paene
986 1946 1051 2005 sola
1065 1963 1124 2005 ιιιιι-
1133 1958 1157 2000 ιι

131 2031 357 2092 dicameutorum
371 2051 446 2111 quae
467 2033 496 2092 id
509 2042 658 2111 praestant
673 2033 822 2093 confirmet
837 2033 921 2091 etiam
936 2029 1125 2104 stomachum,

89 2125 122 2180 17
134 2116 208 2175 adeo
224 2133 282 2174 uon
296 2116 415 2175 infestet
425 2117 487 2177 nlla
502 2116 530 2174 vi
546 2118 699 2178 contraria.
726 2116 832 2176 bibitur
846 2113 997 2189 dracbma,
1013 2113 1050 2173 ad
1064 2121 1126 2173 sto

131 2199 225 2257 machi
247 2215 321 2256 vero
341 2199 558 2259 dissolutionem
576 2201 606 2259 in
630 2199 742 2260 duobus
764 2198 875 2275 cyathis
895 2214 987 2277 aquae
1008 2196 1127 2274 tepidae

130 2281 179 2339 vel
193 2280 474 2357 frigidae'coclearis
489 2301 621 2343 mensura
636 2283 680 2342 bis
696 2291 780 2342 terre
794 2284 824 2342 in
838 2280 885 2342 die
899 2299 937 2340 ex
951 2278 1126 2354 intervallis,

132 2370 162 2421 ut
192 2382 241 2422 res
269 2364 376 2442 exigit,
410 2369 590 2444 purgationis
617 2375 710 2427 antem
737 2383 824 2428 cansa
848 2364 1008 2445 plurumum
1032 2361 1159 2425 tribuent

132 2446 291 2525 drachmis,
319 2449 484 2525 efficacior,
512 2452 537 2510 si
564 2458 634 2551 pota
656 2468 690 2511 ea
712 2459 838 2510 sumatur
859 2448 950 2509 cibus
990 2446 1129 2526 capillum

130 2531 266 2593 fluentem
291 2534 419 2593 continet
451 2552 514 2594 cum
543 2537 610 2595 vino
637 2543 754 2594 austero
779 2534 876 2612 capite
906 2539 1007 2591 contra
1033 2529 1128 2606 pilum

131 2625 283 2695 peruncto.
316 2617 446 2677 dolorem
469 2620 572 2696 capitis
586 2618 671 2679 sedat
684 2615 863 2696 temporibus
883 2623 912 2674 et
934 2613 1023 2675 fronti
1042 2613 1128 2713 inp‘u·

90 2709 124 2762 18
135 2701 189 2758 sita
206 2716 243 2758 ex
257 2709 342 2761 aceto
363 2710 392 2761 et
411 2718 536 2762 rosamo
558 2703 730 2779 dilutiorque
751 2699 856 2759 infusa.
886 2698 1036 2758 oculorum
1057 2697 1128 2757 vitia

132 2783 226 2840 omnia
241 2784 334 2843 sanari
348 2801 382 2843 aa
396 2786 540 2860 convenit,
558 2785 691 2865 privatim
705 2783 868 2863 prurigines
883 2790 913 2842 et
930 2779 1057 2841 scabiem
1074 2786 1161 2857 gebi

133 2881 247 2938 narum,
276 2866 343 2925 item
368 2866 502 2942 insignita
522 2885 558 2927 ac
576 2866 663 2927 livida
683 2867 763 2927 inlita
784 2883 848 2926 enm
868 2864 971 2938 melle,
994 2880 1128 2924 maxume

131 2947 268 3022 Pontico,
283 2948 415 3009 tonsillas
423 2950 585 3027 ,gingivas
603 2961 633 3010 et
649 2952 742 3011 omnia
756 2951 820 3009 oris
841 2949 956 3024 ulcera,
979 2946 1128 3029 sanguinis

131 3032 367 3108 exscreationes,
391 3051 416 3091 sn
409 3032 561 3094 modicae
576 3035 642 3110 siut,
659 3034 795 3094 drachma
811 3051 850 3093 ex
866 3031 1126 3110 aqua,s1minas,

132 3132 170 3173 ex
184 3122 267 3173 aceto
283 3124 361 3193 pota.
388 3116 539 3177 volnerum
554 3125 671 3196 quoqu'e
693 3117 861 3214 sauguinem
883 3123 912 3175 et
926 3114 1127 3193 undecumque

91 3207 123 3261 19
135 3199 269 3258 fluentem
282 3200 358 3259 sistit
366 3218 420 3279 per
433 3218 467 3260 se
483 3201 531 3261 vel
542 3219 580 3261 ex
595 3210 691 3261 aceto.
713 3201 785 3261 alias
798 3200 882 3259 etiam
897 3206 944 3257 est
958 3197 1160 3258 volneribus&

132 3282 280 3342 utilissima
296 3282 332 3343 ad
347 3284 510 3343 cicatricem
529 3285 701 3362 perducens.
734 3283 835 3344 eadem
852 3282 1029 3360 inspergitur
1044 3281 1127 3342 exul·

133 3367 237 3425 ceratis
249 3365 424 3442 genitalibus
433 3368 567 3446 virorum,
581 3367 791 3444 condylomatis
803 3368 939 3442 rimisque
951 3365 1042 3440 sedis,
1054 3365 1128 3426 alias

133 3467 170 3508 ex
184 3450 268 3525 vino,
280 3449 360 3509 ‘alias
378 3468 416 3511 ex
432 3469 538 3530 passo,
555 3452 626 3512 alias
641 3452 721 3512 sicca
739 3469 792 3529 per
812 3468 861 3527 se,
884 3458 914 3509 ut
935 3449 1034 3525 exigat
1054 3450 1127 3510 miti·
