2400 3840
315 197 398 244 uun.
416 195 506 244 nrsr.
523 196 620 243 xxxr.
639 193 665 246 o.
680 192 706 247 7.
724 183 875 264 (oo—41.)
1019 185 1080 247 275

94 350 253 429 appellato.
284 351 382 410 similis
397 360 442 410 est
457 368 581 428 corpore
596 350 710 410 alumini
726 352 801 430 quod
828 351 957 411 schiston
972 361 1086 429 vocant,

94 435 189 510 longis
205 434 318 510 glaebis
340 451 434 511 neque
451 433 625 512 perlucidis,
646 436 775 510 ingratus
790 452 911 513 sapore,
935 434 987 493 sed
1000 434 1087 494 medi·

94 521 175 579 cinae
191 519 277 576 utilis.
307 517 446 596 probatur
462 534 544 594 quam
559 534 689 576 maxume
703 519 889 598 perspicuus,
910 520 1000 576 rectis
1015 519 1086 576 scis·

93 605 177 662 suris.
208 602 321 676 insigne
336 600 372 659 de
392 617 428 659 eo
445 601 575 678 proditur
599 600 677 678 quod
700 602 863 661 levissimus
887 603 959 660 iutra
980 619 1087 680 specus

69 703 161 746 asnos
176 685 205 744 in
216 685 310 744 lucem
322 685 483 743 nniversam
496 683 626 763 prolatus
641 685 690 743 viu
702 685 833 744 credibili
848 685 977 762 pondere
993 687 1086 762 ingra-

92 777 202 829 vescat.
233 786 319 828 causa
334 766 470 843 evidens,
489 766 685 827 cuniculorum
702 770 804 846 spiritu
818 768 931 827 madido
948 770 991 827 sic
1008 769 1087 828 adiu·

92 861 177 912 vante
188 852 330 911 molientis
345 861 375 910 ut
395 850 528 922 adiuvant
546 866 648 926 aquae.
685 851 860 912 adulteratur
881 851 979 911 Siculo
1002 870 1086 930 quem
1105 871 1129 906 u

93 935 267 995 Cocanicum
283 934 510 1014 appellavimus,
525 949 650 992 necnon
667 943 696 994 et
711 933 820 1014 Cyprio
830 938 908 994 'mire
923 934 1017 994 simili.
1050 935 1082 995 In
1093 945 1129 1000 80

92 1019 228 1097 Hispania
243 1035 360 1096 quoque
377 1018 512 1078 citeriore
527 1017 686 1092 Egelastae
712 1019 840 1078 caeditur
857 1017 972 1096 glaebis
993 1035 1087 1096 paene

56 1119 82 1159 10
94 1102 301 1163 tralucentibus
317 1103 362 1160 cui
375 1104 431 1160 ianr
447 1100 557 1178 pridem
573 1100 668 1180 palma
684 1120 700 1160 a
715 1102 865 1181 plerisque
880 1101 999 1161 medicis
1014 1103 1088 1161 inter

92 1187 186 1245 omnia
201 1184 268 1244 salis
280 1201 389 1259 genera
405 1182 584 1262 perhibetur.
616 1183 714 1242 Omnis
728 1185 812 1244 locus
827 1185 855 1242 in
871 1202 928 1262 quo
943 1186 1088 1262 reperitur

92 1268 134 1327 sal
151 1266 259 1325 sterilis
270 1273 315 1325 est
326 1266 452 1344 nihilque
469 1268 573 1343 giguit.
599 1276 627 1326 et
642 1269 670 1325 in
686 1275 775 1326 totum
790 1275 893 1344 sponte
907 1285 1031 1326 nascens
1047 1269 1087 1326 in·

91 1360 134 1409 tra
142 1349 216 1408 haec
225 1356 280 1407 est.
294 1347 414 1408 Facticii
422 1353 501 1409 varia
514 1366 636 1427 genera,
650 1349 777 1426 volgaris
789 1350 1029 1429 plnrnmnsquein
1040 1368 1084 1410 sa·
1095 1359 1128 1413 81

90 1433 156 1493 linis
170 1430 241 1491 mari
258 1430 360 1491 adfuso
372 1450 429 1492 uon
442 1434 503 1492 sine
520 1449 610 1509 aquae
626 1431 718 1492 dulcis
733 1434 839 1508 riguis,
857 1430 909 1491 sed
923 1432 1012 1491 imbre
1029 1451 1087 1492 ma·

58 1537 81 1575 15
93 1534 177 1575 xume
193 1516 307 1573 iuvante
322 1533 358 1575 ac
373 1534 462 1594 super
479 1516 572 1576 omnia
587 1516 661 1592 sole,
676 1515 834 1594 multoque,
849 1516 932 1575 aliter
946 1534 1005 1575 non
1023 1533 1086 1574 are·
1119 1528 1123 1535 ’

91 1617 187 1658 scens.
220 1597 319 1658 Africa
332 1600 410 1660 circa
420 1599 535 1661 Uticam
550 1601 689 1659 construit
700 1616 823 1659 acervos
835 1598 904 1658 salis
919 1598 954 1658 ad
972 1599 1088 1658 collium

90 1682 235 1759 speciem,
252 1683 299 1759 qui
317 1682 364 1742 nbi
381 1684 445 1743 sole
460 1684 586 1759 lunaque
602 1682 773 1760 induruere,
787 1682 866 1742 nullo
883 1699 982 1742 umore
997 1683 1087 1760 lique-

90 1765 290 1843 scuntviuque
305 1767 389 1826 etiam
401 1767 480 1827 ferro
495 1763 661 1828 caeduntur.
689 1767 719 1826 tir
730 1776 823 1827 tamen
839 1775 868 1825 et
883 1764 1009 1826 increta
1026 1767 1088 1824 siue

90 1849 181 1924 riguis
197 1851 318 1908 marein
344 1850 451 1910 salinas
465 1846 678 1912 infundentibus
701 1860 731 1910 et
749 1852 827 1910 circa
841 1848 1005 1928 Aegyptum
1022 1852 1087 1928 ipso

55 1932 162 1991 comari
178 1931 312 1992 induente
328 1935 356 1991 in
372 1934 483 2011 solum,
505 1943 535 1993 nt
550 1935 657 2008 oredo,
679 1932 746 1992 Nilo
763 1949 907 1992 sucosam.
939 1933 1016 1992 litet
1036 1952 1087 2012 pu·

90 2015 146 2073 teis
161 2014 189 2072 in
205 2016 310 2074 salinas
324 2017 456 2091 ingestis.
485 2017 577 2095 prima
598 2015 728 2076 densatio
743 2013 892 2089 Babylone
912 2016 941 2074 in
958 2014 1084 2074 bitumen
1096 2025 1130 2078 82

90 2096 227 2174 liquidum
254 2099 367 2174 cogitur
392 2098 459 2158 oleo
486 2096 596 2174 simile,
623 2116 680 2176 quo
706 2107 734 2158 et
757 2100 786 2157 in
808 2097 933 2156 lucernis
963 2107 1086 2157 utuntur.

89 2179 147 2239 hoc
162 2178 293 2240 detracto
308 2180 408 2240 subest
423 2180 477 2241 sal.
507 2190 536 2240 et
556 2183 584 2241 in
601 2180 788 2260 Cappadocia
805 2199 821 2239 e
837 2183 931 2260 puteis
951 2200 985 2241 ac
1005 2181 1087 2242 lonte

91 2279 193 2340 aquam
209 2263 236 2321 in
259 2263 366 2322 salinas
388 2264 531 2342 ingerunt.
564 2268 593 2324 in
609 2262 736 2325 Chaonia
761 2274 905 2324 excocunt
925 2283 1025 2344 aquam
1050 2283 1088 2325 ex

55 2345 171 2407 cclonte
189 2346 451 2425 refrigerandoque
473 2348 562 2408 salem
585 2348 694 2408 iaciunt
717 2351 839 2408 inertem
854 2366 910 2407 nec
929 2348 1087 2408 candidum.

89 2427 200 2569 qlalliae
218 2427 446 2510 Germaniaeque
464 2431 629 2492 ardentibus
651 2432 739 2508 lignis
757 2448 859 2508 aquam
875 2431 980 2491 salsam
996 2432 1086 2491 infun

109 2520 166 2569 unt.

154 2593 238 2672 (40.)
256 2594 377 2674 Hispani
384 2614 400 2657 a
412 2598 531 2676 quadam
544 2600 586 2658 sui
596 2607 678 2677 parte
692 2615 708 2656 e
720 2597 814 2676 puteis
826 2596 956 2656 hauriunt
966 2599 1083 2657 muriam
1095 2609 1130 2663 83

89 2674 281 2752 appellantes.
311 2679 352 2739 illi
368 2682 481 2758 quidem
497 2692 525 2742 et
540 2682 650 2759 lignum
665 2680 778 2741 referre
793 2678 975 2739 arbitrantur.
1002 2699 1086 2758 quer-

53 2782 79 2824 ao
91 2775 141 2817 cus
157 2766 289 2835 optuma,
311 2770 342 2820 ut
355 2779 429 2839 quae
451 2784 504 2844 per
522 2784 554 2825 se
572 2765 669 2824 cinere
686 2765 802 2822 sincero
819 2763 875 2821 rim
891 2763 960 2822 salis
974 2764 1085 2837 reddat,

89 2840 157 2902 alibi
169 2840 285 2916 corylus
300 2842 439 2905 laudatur.
465 2848 504 2908 ita
520 2849 615 2909 inluso
631 2849 744 2926 liquore
760 2845 838 2905 salso
856 2845 944 2906 carbo
959 2848 1043 2906 etiam
1059 2849 1087 2905 iu

89 2926 179 2986 salem
193 2927 322 2985 vertitur.
352 2928 524 3007 quicumque
539 2931 620 3008 ligno
642 2932 730 2992 confit
751 2930 795 2989 sal
811 2931 897 3006 niger
919 2939 972 2989 est.
1000 2931 1087 3009 Apud

89 3008 320 3088 Theophrastum
340 3011 454 3071 invenio
475 3013 601 3075 Umbros
625 3013 790 3074 harundinis
814 3022 843 3072 et
863 3013 937 3072 iunci
959 3014 1086 3073 cinerem

89 3091 256 3171 decoquere
280 3111 353 3171 aqna
378 3093 480 3154 solitos
503 3095 597 3157 donec
620 3099 754 3174 exiguum
777 3105 948 3175 superesset
968 3098 1085 3155 umoris.

52 3198 78 3240 as
88 3176 154 3252 quin
170 3184 199 3234 et
216 3192 232 3233 e
249 3177 339 3235 muria
350 3175 586 3242 salsamentorum
600 3183 768 3258 recoquitur
779 3181 939 3258 iterumque
956 3197 1085 3239 cousum-

87 3266 137 3354 pto
153 3257 265 3336 liquore
282 3258 318 3319 ad
332 3268 460 3319 naturam
476 3269 555 3321 suam
570 3261 661 3338 redit,
683 3263 771 3341 volgo
796 3282 813 3323 e
829 3266 919 3323 menis
942 3263 1086 3323 iucundis-

88 3358 183 3400 srmns.

153 3424 236 3504 (41.)
258 3424 430 3489 llarinorum
445 3443 575 3488 maxume
598 3426 727 3488 laudatur
742 3426 1084 3573 Cyprinqppalamineq
1095 3441 1133 3492 84
