2400 3840
329 188 644 241 uuu.n1sr.xxv11-.
663 190 731 245 45
748 185 898 255 (to—ro)
1049 184 1106 250 135

113 352 193 413 ratis.
220 341 353 411 iabuiosa
367 343 492 410 arbitror
502 367 576 428 qnae
589 348 757 427 adiciuntur,
773 359 892 447 recente
910 369 946 411 ea
959 353 982 411 si
999 360 1106 431 uratur,

113 436 221 495 ferrum
237 443 284 494 aut
299 451 350 494 aes
350 433 538 492 ieruminari.
647 483 649 487 ,

177 520 207 578 5.
229 517 312 598 (15.)
333 516 579 598 hparinenaliqui
591 516 847 597 omphalocarpon,
867 518 913 577 aiii
927 517 1103 596 philanthro·
1115 529 1152 584 32

113 616 173 682 pon
187 608 292 661 vocant
293 612 468 678 ,ramosam
480 601 624 676 hirsutam,
641 603 734 678 quiuis
745 603 862 661 senisve
875 603 902 661 iu
916 601 1016 663 orbem
1029 606 1107 663 cirea

88 700 209 746 trames
223 684 302 743 foliis
320 702 373 762 per
386 683 550 745 intervalla.
584 703 682 744 semen
697 684 858 761 rotundum,
875 685 984 760 durum,
1002 703 1106 746 conca·

112 787 192 849 rom,
211 767 361 828 subdulce.
393 766 544 828 nascitur
534 786 563 827 ru
580 768 766 828 frumentario
785 787 857 845 agro
872 778 919 828 aut
933 769 1024 830 hortis
1041 781 1104 848 pra·

111 854 204 928 tisve,
227 852 384 930 asperitate
404 853 489 910 etiam
499 848 634 911 uestium
653 853 759 912 tenaci.
796 853 900 912 efficax
923 862 1023 912 contra
1045 871 1106 912 ser-

112 938 208 1015 pentis
230 937 340 994 semiue
369 944 440 1013 poto
463 954 501 994 ex
519 937 586 995 vino
608 934 741 996 drachma
768 944 798 995 et
819 944 918 996 eontra
943 935 1105 1034 phalangia.
1164 941 1167 947 '

112 1020 259 1095 sanguinis
274 1017 473 1078 abundantiam
487 1036 524 1078 ex
535 1019 710 1078 volneribus
714 1020 873 1097 reprimunt
889 1019 979 1079 iolia
970 1021 1106 1097 inposita,

74 1119 102 1161 ro
111 1120 200 1163 sucus
213 1101 327 1162 auribus
343 1100 508 1161 infunditur.
692 1142 695 1149 ·

176 1184 260 1263 (16.)
282 1183 404 1244 arction
419 1186 506 1283 aliqui
522 1187 616 1264 potius
633 1195 777 1245 arcturum
792 1195 907 1246 vocant.
946 1187 1045 1246 similis
1059 1195 1104 1247 est
1115 1197 1150 1252 33

110 1252 254 1329 verbasco
272 1268 361 1366 foliis,
377 1269 432 1327 nisi
448 1269 526 1347 quod
539 1269 694 1330 hirsutiora
711 1277 784 1345 sunt,
801 1269 883 1329 caule
899 1268 999 1346 longo,
1014 1270 1105 1346 molli,

111 1354 222 1414 semine
240 1353 353 1412 cumini.
388 1354 540 1412 nascitur
532 1372 560 1412 un
575 1354 712 1430 petrosis,
727 1350 835 1412 radice
840 1360 950 1428 tenera,
964 1353 1030 1412 alba
1046 1354 1107 1413 dui-

112 1436 208 1515 cique
227 1435 422 1516 decoquitur'
412 1453 441 1494 ιιι
458 1438 524 1496 vino
542 1436 577 1496 ad
589 1437 714 1496 dentium
728 1434 847 1496 dolores
859 1443 894 1496 at
906 1438 945 1496 ita
961 1439 1107 1496 continea-

73 1537 102 1578 ιι
112 1531 167 1580 tur
202 1519 353 1578 decoctum
369 1516 475 1579 bibitur
495 1529 615 1599 propter
637 1519 764 1579 ischiada
787 1527 816 1578 et
838 1521 1045 1596 stranguriam,
1070 1537 1107 1578 ex

111 1605 180 1662 vino
197 1602 334 1662 ambustis
346 1603 490 1679 inponitur
508 1613 536 1663 et
550 1602 747 1682 pernionibus
778 1603 913 1662 iorentur
925 1603 1025 1664 eadem
1044 1620 1107 1663 cum

110 1685 210 1747 radice
226 1687 336 1745 semine
353 1688 420 1745 trito
436 1687 465 1745 in
480 1689 558 1747 vino.

174 1770 258 1848 (17.)
280 1769 432 1847 asplenon
450 1782 515 1831 sunt
528 1773 576 1850 qui
593 1771 758 1830 hemionion
772 1778 894 1847 vocant,
917 1771 996 1831 ioliis
1018 1773 1104 1830 trieu-
1116 1779 1150 1834 34

111 1853 217 1912 talibus
231 1853 342 1929 multis,
364 1852 463 1912 radice
486 1855 606 1933 limosa,
630 1860 791 1927 cavernosa
806 1855 881 1913 sicut
902 1854 1013 1929 felicis,
1041 1872 1107 1914 oan-

71 1937 194 2009 dodida,
225 1936 349 2011 hirsuta,
380 1954 436 1996 nec
458 1939 568 1998 caulem
590 1937 645 1998 nec
671 1939 772 1999 liorem
798 1955 855 1998 nec
883 1954 983 1996 semen
1009 1937 1106 1996 habet.

110 2020 238 2079 nascitur
252 2021 281 2078 in
298 2019 388 2097 petris
404 2021 619 2099 parietibusque
635 2022 753 2100 opacis,
777 2021 895 2098 umidis,
910 2019 1107 2082 laudatissime

110 2105 139 2161 in
165 2101 260 2162 Creta.
302 2102 384 2162 huius
408 2103 542 2164 ioiiorum
564 2107 592 2163 in
616 2113 701 2165 aceto
717 2104 842 2165 decocto
863 2122 916 2183 per
936 2104 999 2165 dies
1022 2101 1108 2166 XXX

111 2195 181 2264 poto
202 2186 307 2245 lienem
329 2185 439 2245 absumi
459 2190 554 2265 aiunt,
582 2197 611 2248 et
632 2188 785 2248 inlinuntur
806 2196 901 2248 autem
923 2188 1039 2264 eadem,
1060 2205 1105 2247 se·

111 2268 179 2328 dant
198 2277 227 2329 et
251 2268 401 2344 singultus.
434 2271 626 2359 reminiscor
646 2272 752 2349 danda,
774 2272 907 2351 quoniam
928 2271 1145 2331 sterilitatem

74 2353 189 2413 reiecit.

176 2435 258 2515 (18.)
282 2436 437 2516 Asclepius
451 2437 523 2498 lolia
537 2433 663 2496 hederae
680 2437 782 2514 babet,
803 2456 899 2498 ramos
920 2437 1043 2514 longos,
1059 2456 1103 2498 ra·
1115 2448 1150 2502 35

112 2466 194 2579 dices
207 2534 388 2594 numerosas,
405 2521 509 2593 tenuis,
529 2519 674 2595 odoratas,
690 2519 772 2578 iloris
786 2522 864 2580 uirus
879 2536 987 2596 graue,
1007 2537 1107 2579 semen

112 2601 309 2661 securidaoae.
339 2598 465 2660 nascitur
483 2603 512 2659 in
534 2600 691 2661 montibus.
722 2602 836 2666 radices
857 2601 1025 2661 torminibus
1046 2621 1105 2662 me·

112 2684 214 2743 dentur
239 2692 268 2742 et
289 2690 390 2742 contra
411 2686 587 2762 serpentium
603 2686 678 2744 irtus
698 2694 755 2745 non
776 2685 870 2744 solum
890 2693 975 2763 potu,
1004 2685 1056 2744 sed
1077 2694 1106 2745 et

74 2767 202 2832 roinlitu.

175 2850 257 2930 (19.)
281 2850 370 2911 Aster
391 2850 428 2911 ab
442 2851 546 2930 aliquis
561 2850 707 2911 bubonion
722 2851 896 2934 appellatur,
913 2855 1046 2930 quoniam
1061 2856 1102 2914 in·
1113 2865 1149 2922 aa

110 2936 227 3012 guinnrn
249 2944 487 3012 praesentaneum
506 2934 664 2996 remedium
685 2944 739 2996 est.
776 2935 934 2997 cauliculus
954 2937 1032 2998 loliis
1054 2938 1105 2999 ob·

111 3019 207 3095 longis
230 3018 342 3079 duobus
359 3028 407 3079 aut
423 3018 530 3098 tribus,
553 3021 581 3079 in
597 3021 744 3080 cacumine
761 3021 885 3099 capitula
900 3020 1003 3081 stellae
1018 3021 1104 3083 modo

110 3102 238 3161 radiata.
260 3101 365 3171 bibitur
380 3112 409 3162 et
424 3103 564 3163 adversus
579 3105 734 3182 serpentia
767 3104 819 3164 sed
837 3104 872 3165 ad
887 3105 1030 3181 inguinum
1047 3122 1104 3163 me·

76 3203 102 3244 aa
111 3185 234 3261 dicinam
250 3186 363 3245 sinistra
374 3203 458 3246 manu
470 3187 589 3264 decerpi
607 3188 705 3246 iubent
720 3197 749 3247 et
763 3189 841 3247 iuxta
854 3190 964 3247 cinctus
974 3186 1104 3263 adligari.

114 3268 234 3346 prodest
251 3278 280 3328 et
296 3265 466 3329 coxendicis
480 3269 576 3330 dolori
591 3269 755 3346 adalligata.

174 3351 257 3431 (20.)
280 3352 416 3427 ascyron
430 3360 459 3412 et
474 3353 643 3427 ascyroides
660 3353 763 3413 similia
777 3362 842 3412 sunt
862 3354 936 3411 inter
953 3369 986 3410 se
1003 3361 1032 3410 et
1050 3352 1100 3426 hp·
1112 3361 1145 3422 37

111 3436 230 3512 perioo,
247 3436 299 3496 sed
315 3437 440 3497 maiores
455 3434 562 3496 babent
575 3453 689 3513 rarnos,
711 3437 789 3515 quod
802 3435 971 3510 ascyroides
984 3443 1111 3517 uccntnp
