2400 3840
132 191 192 255 146
389 235 393 241 .
474 199 619 255 camur
633 199 782 253 succum

86 370 121 425 95
193 357 277 436 (71.)
299 356 431 431 lathyris
446 356 516 417 folia
533 354 623 417 habet
637 355 725 417 multa
740 354 871 417 lactucae
892 355 1012 433 similia,
1036 366 1120 421 tenu·

128 442 190 501 iora
205 440 335 517 germina
350 439 453 516 multa,
474 440 504 499 in
524 438 627 518 quibus
643 456 742 499 semen
757 437 889 499 tuniculis
911 439 1074 502 continetur
1088 453 1121 504 ut

129 525 276 602 capparis,
291 541 365 602 quae
381 541 444 585 cum
455 523 598 596 inardere,
613 521 772 583 eximuntur
783 539 873 598 grana
888 524 999 601 piperis
1008 526 1120 602 magni·

127 607 237 682 tudine,
253 606 386 682 candida,
401 605 508 682 dulcis,
520 605 616 666 facilia
634 612 766 683 purgato.
795 604 870 665 hacc
883 606 986 670 vicena
1000 608 1029 669 in
1043 627 1121 687 aqua

129 709 202 769 pura
223 699 270 751 aut
291 689 384 749 mulsa
406 698 474 767 pota
494 688 674 766 hydropicos
695 697 804 748 sanant.
834 688 948 749 trabunt
967 698 999 751 et
1019 690 1148 756 bileme

129 775 177 853 qui
193 773 392 833 vehementius
412 773 531 850 purgari
556 773 656 833 volunt
674 786 738 831 cum
756 770 896 833 folliculis
916 772 989 851 ipsis
1007 786 1122 836 sumunt

129 874 173 934 ea,
190 875 253 917 nam
265 853 441 917 stomachum
452 855 579 932 laedunt,
593 857 689 933 itaque
700 856 844 915 inventum
859 865 904 914 cst
919 865 950 917 ut
962 874 1025 919 cum
1035 859 1122 938 pisce

128 950 175 1003 aut
190 942 253 1000 iure
268 939 425 1016 gallinacei
439 949 630 1001 sumerentur.

86 1034 121 1090 96
196 1022 280 1101 (72.)
302 1022 534 1100 leontopetalon
546 1023 595 1082 alii
603 1021 810 1100 rhaphanidion
821 1032 938 1100 vocant,
951 1024 1025 1086 folio
1037 1023 1120 1085 bras·

129 1108 220 1181 sicae,
239 1104 320 1166 caule
337 1105 517 1185 semipedali,
532 1107 597 1168 alae
611 1107 711 1182 mirac,
726 1123 825 1166 semen
839 1107 868 1166 in
880 1109 1028 1168 cacumine
1041 1109 1069 1167 in
1080 1109 1119 1167 si·
1130 1125 1158 1167 ro

128 1188 214 1267 liquis
231 1190 335 1248 ciceris
350 1189 454 1266 modo,
471 1190 553 1251 radix
568 1206 645 1268 napo
660 1189 777 1265 similis,
792 1190 927 1266 grandis,
948 1193 1039 1267 nigra.
1069 1209 1121 1250 na·

129 1273 220 1333 scitur
234 1273 263 1332 in
280 1274 366 1333 arvis.
386 1273 654 1335 radiaradversatur
668 1273 792 1335 omnium
807 1275 983 1351 serpentium
1002 1275 1120 1350 generi-

128 1357 182 1417 bus
204 1374 242 1416 ex
261 1358 327 1417 rino
347 1365 432 1436 pota,
456 1374 514 1418 nec
534 1357 590 1418 alie
609 1374 659 1417 res
682 1356 809 1417 celerius
831 1357 955 1434 prolicit.
986 1355 1069 1417 datur
1088 1365 1120 1417 et

130 1439 306 1501 ischiadicis.

85 1534 118 1590 97
192 1523 275 1604 (73.)
296 1523 447 1604 lycapsos
463 1522 642 1602 longioribus
658 1541 743 1602 quam
754 1522 886 1584 lactucae
898 1523 977 1585 foliis
993 1525 1116 1584 crossia
1128 1542 1154 1583 ιι

127 1608 281 1686 ribusque,
307 1608 390 1669 caule
412 1608 521 1685 longo,
536 1607 662 1682 hirsuto,
678 1606 808 1684 adgnatis
823 1607 918 1667 multis
934 1606 1118 1683 cubitalibus,

127 1692 201 1752 flore
218 1706 326 1767 parvo,
349 1707 505 1768 purpureo.
540 1692 666 1750 nascitur
685 1689 714 1749 in
741 1689 960 1768 campestribus.
992 1689 1120 1750 inlinitur

128 1791 192 1835 cum
206 1773 297 1833 farina
313 1772 477 1835 hordeacea
490 1773 550 1850 igni
565 1790 669 1849 sacro,
687 1773 810 1833 sudores
833 1775 861 1834 in
876 1773 1005 1835 febribus
1019 1782 1120 1834 movet

129 1874 200 1919 suco
216 1872 308 1935 aquae
324 1856 424 1918 caldae
439 1857 575 1917 admixto.

85 1951 119 2007 99
190 1940 273 2020 (74.)
295 1937 375 2001 lnter
390 1942 482 2001 omnis
502 1939 609 2000 herhas
631 1939 822 2018 lithospermo
846 1940 917 2001 nibil
935 1950 981 2000 est
1000 1939 1153 1999 nahabi-rs

126 2024 192 2085 lius.
219 2023 306 2102 aliqui
321 2024 494 2099 exonychon
504 2034 622 2100 vocant,
638 2023 686 2085 alii
697 2023 867 2103 diospyron‚
884 2024 931 2083 elii
944 2023 1116 2085 Heracleus.

126 2106 217 2169 herba
232 2107 440 2186 quincuncialis
457 2109 532 2185 fere,
547 2108 626 2168 foliis
647 2106 736 2186 duplo
751 2107 907 2168 maioribus
922 2125 1006 2185 quam
1022 2115 1116 2183 rutae,

126 2190 242 2251 ramulis
256 2190 425 2262 surculosis,
441 2191 631 2252 crassitudine
644 2192 736 2267 iunci,
751 2193 827 2268 gerit
842 2193 920 2251 iuxta
934 2191 1006 2251 folia
1020 2191 1118 2266 singu·

126 2273 170 2334 las
185 2273 276 2332 veluti
289 2272 427 2334 barbulas
442 2275 514 2333 etin
528 2291 626 2333 earum
642 2274 834 2334 cacuminibus
849 2274 967 2352 lapillos
989 2273 1116 2334 candore

126 2365 155 2416 et
168 2356 343 2434 rotunditate
359 2357 587 2434 margaritarum,
597 2357 790 2433 magnitudine
805 2358 918 2436 ciceris,
934 2358 1035 2424 duritia
1045 2372 1116 2416 vero
1126 2367 1154 2411 at

127 2439 252 2518 lapidea.
282 2440 340 2519 ipsi
355 2458 413 2520 qua
431 2439 575 2519 pediculis
588 2439 766 2502 adhaereant
779 2441 950 2503 cavernulas
966 2441 1073 2508 habent
1087 2448 1118 2499 et

83 2523 324 2592 minturnenses.
344 2525 471 2585 nascitur
489 2532 517 2584 et
528 2525 556 2585 in
567 2523 660 2600 ltalia,
676 2525 728 2586 sed
737 2524 959 2587 laudatissimum
974 2526 1002 2584 iu
1016 2521 1116 2597 creta,

127 2610 342 2688 necquicquam
356 2610 431 2669 inter
443 2607 550 2670 herhas
562 2609 672 2670 maiore
684 2608 819 2688 equidem
831 2609 971 2670 miraculo
983 2607 1114 2684 adspexi.

125 2701 220 2752 tantus
234 2702 279 2752 est
293 2691 385 2752 decor
399 2692 480 2752 velut
496 2693 643 2752 aurificum
658 2701 721 2752 arte
736 2692 855 2755 alternis
873 2693 947 2753 inter
961 2690 1033 2751 folia
1049 2707 1116 2751 can·

125 2774 285 2834 dicentibus
293 2775 466 2852 margaritis,
474 2783 532 2835 taur
541 2774 846 2852 exquisitadiilicultas
860 2776 964 2854 lapidis
975 2793 1013 2836 err
1025 2771 1116 2833 herba
1125 2783 1153 2826 ιο

125 2859 280 2916 nascentis.
310 2860 408 2917 iacere
427 2866 513 2935 atque
528 2857 605 2919 humi
621 2876 743 2937 serpere
758 2869 894 2920 auctores
908 2859 1038 2932 tradunt,
1058 2873 1115 2933 ego

124 2939 255 3016 volsum,
271 2957 329 2999 non
342 2940 512 3001 haerentem
529 2941 598 3001 vidi.
629 2941 675 3001 bis
693 2941 801 3019 lapillis
815 2942 970 3005 drachmae
985 2939 1118 3020 pondere

127 3022 203 3102 potis
227 3023 256 3081 in
276 3023 345 3083 vino
363 3024 430 3083 albo
446 3023 578 3084 calculos
601 3024 696 3101 frangi
710 3024 839 3105 pellique
854 3034 968 3088 constet
982 3034 1011 3084 et
1024 3032 1116 3085 stran-

124 3105 236 3183 guriam
252 3105 366 3168 discuti.
396 3125 491 3186 neque
506 3107 534 3166 in
550 3107 606 3169 alia
619 3107 772 3169 herbarum
788 3109 861 3170 fides
879 3118 923 3170 est
942 3109 1006 3169 visu
1022 3108 1115 3169 statim

124 3188 160 3250 ad
176 3207 259 3267 quam
274 3190 443 3251 medicinam
458 3198 524 3252 nata
540 3192 587 3273 sit,
603 3200 649 3252 est
661 3200 756 3254 autern
770 3195 832 3254 cius
848 3194 965 3273 species
982 3199 1013 3252 nt
1029 3190 1152 3253 etiarnae

124 3273 188 3333 sine
201 3283 320 3335 auctore
336 3275 400 3335 visa
417 3278 511 3336 statim
524 3276 606 3338 nosci
621 3277 724 3353 possit.

82 3368 134 3425 loo
192 3356 277 3438 (75.)
298 3356 384 3438 Lapis
401 3359 531 3437 volgaris
547 3361 626 3421 iuxta
640 3359 755 3420 humina
774 3358 832 3418 fert
851 3375 979 3419 muscum
994 3358 1115 3436 siccum,
