2400 3840
301 219 380 266 nan.
396 217 487 266 rursu.
503 219 586 266 xxx.
601 217 704 271 8—10.
719 211 868 282 (aa—aa)
1024 207 1084 269 247

94 374 209 453 saepius
233 381 344 449 sumpto
365 375 443 432 aiunt
464 372 581 432 liberari
598 372 737 452 podagra.
777 372 846 432 utile
862 390 929 433 esse
949 382 978 434 et
999 374 1083 452 adipe

93 458 224 535 viperino
246 455 338 534 pedes
359 458 510 534 perungui.
546 456 624 516 etde
645 455 732 515 milvo
750 455 911 533 adfirmant,
934 458 958 515 si
973 459 1082 516 iuvete-
1092 467 1126 522 78

94 549 157 600 rato
173 541 297 615 tritoque
313 547 446 617 quantum
460 549 521 599 tres
537 539 615 616 digiti
629 540 743 617 capiunt
758 537 870 599 bibatur
886 558 1021 618 exaquio,
1038 549 1084 600 aut

95 625 119 682 si
140 621 230 702 pedes
246 624 384 698 sanguiue
397 623 432 660 **
447 641 509 683 cum
524 625 629 698 urtica,
655 622 704 681 vel
723 623 816 700 pinnis
833 640 930 683 earum
949 641 1011 682 cum
1026 624 1083 702 pri-

70 721 169 765 amum
185 714 339 765 nascentur
352 707 425 766 tritis
447 724 509 766 cum
527 709 626 766 urtica.
660 706 727 784 quin
753 714 782 764 et
796 705 889 765 limum
903 724 1000 767 carum
1017 707 1083 767 arti·
1176 721 1179 727 ·

96 790 224 849 culorum
241 788 391 848 doloribus
408 790 545 867 inlinitur,
570 791 637 848 item
659 790 731 848 ciuis
746 789 885 848 mustelae
906 799 953 850 aut
969 790 1083 849 coclea-

94 892 167 950 rum,
184 881 212 932 et
229 889 291 931 com
304 872 398 947 amplo
413 874 461 932 vel
474 872 668 949 tragacantha.
691 871 827 932 lucossos
839 873 975 933 articulos
986 874 1085 933 aranei

94 957 170 1016 telae
193 954 422 1015 commodissime
440 964 549 1016 curant.
583 963 647 1014 suut
669 957 716 1032 qui
737 957 835 1015 cinere
856 974 951 1017 earum
966 958 1006 1016 uti
1025 973 1083 1015 ma·

95 1039 145 1098 liut
169 1041 241 1098 sicut
263 1038 318 1097 limi
344 1038 497 1097 columbini
518 1039 615 1097 cinere
639 1055 702 1098 oum
725 1039 841 1116 polenta
866 1049 894 1099 et
915 1041 982 1098 vino
1006 1040 1084 1100 albo.

61 1142 85 1184 m
94 1123 222 1182 articulis
241 1121 345 1181 luxatis
370 1129 608 1199 praesentaneum
628 1131 674 1180 est
696 1121 795 1180 sebum
821 1124 939 1200 pecudis
963 1141 1026 1183 com
1043 1123 1127 1188 cito

93 1223 164 1264 uere
187 1222 204 1262 e
226 1202 331 1280 capillo
350 1203 507 1264 mulierum.
544 1203 730 1281 pernionibus
745 1221 859 1281 quoque
875 1207 1019 1284 inponitur
1038 1224 1084 1265 se·

93 1288 159 1346 bom
177 1285 317 1365 pecudum
333 1302 396 1343 cum
411 1285 547 1362 alumine,-
566 1287 659 1346 cauiui
678 1287 778 1362 capitis
794 1287 864 1346 cinis
884 1298 931 1347 aut
953 1290 1009 1348 fimi
1025 1306 1084 1348 mu·

93 1369 158 1429 riui.
180 1367 297 1446 quodsi
313 1385 384 1444 pura
399 1370 454 1427 sint
474 1369 583 1445 ulcera,
601 1387 666 1430 cera
680 1368 773 1427 addita
789 1369 825 1428 ad
840 1371 1004 1431 cicatricem
1019 1390 1083 1450 per·

93 1452 200 1512 ducunt
213 1449 261 1510 vel
283 1449 395 1527 glirium
417 1461 606 1511 crematorum
623 1451 721 1512 isvilla
748 1469 786 1509 ex
802 1452 886 1530 oleo,
906 1455 975 1512 item
996 1457 1084 1514 muris

58 1551 84 1593 m
94 1535 217 1595 silvatici
234 1552 296 1593 cum
312 1531 416 1610 melle,
434 1536 572 1594 vermium
593 1552 708 1613 quoque
731 1543 910 1595 terrenorum
931 1553 994 1596 cum
1017 1537 1083 1596 oleo

92 1628 193 1678 vetere
208 1626 237 1676 et
252 1616 371 1677 cocleae
390 1635 464 1695 quae
481 1618 572 1678 nudae
593 1619 779 1677 inveniuntur.
811 1618 907 1679 ulcera
924 1622 1016 1680 omnia
1031 1638 1080 1698 pe·
1092 1631 1127 1685 80

92 1703 157 1763 dum
175 1709 255 1760 sanat
268 1700 338 1758 ciuis
353 1717 452 1759 earum
466 1719 541 1779 quae
555 1703 639 1761 vivae
651 1700 818 1761 combustae
835 1711 914 1780 suut,
932 1702 987 1763 limi
1000 1703 1084 1780 galli-

92 1803 191 1844 narum
206 1783 293 1860 ciuis,
318 1784 548 1844 exulcerationes
570 1783 724 1844 columbini
741 1785 797 1844 limi
812 1804 850 1846 ex
864 1786 942 1845 oleo.
974 1789 1084 1847 attritus

93 1868 342 1928 calciamentorum
358 1870 465 1927 veteris
483 1869 583 1928 soleae
596 1877 739 1928 crematae
756 1870 836 1945 cinis,
854 1871 973 1946 agninus
988 1869 1083 1949 pulmo

56 1965 84 2005 ao
94 1960 123 2010 et
136 1952 234 2010 arietis
248 1958 339 2024 sanat,
355 1949 448 2010 dentis
466 1951 598 2011 caballini
616 1953 746 2010 contunsi
763 1951 852 2011 farina
872 1954 1003 2031 privatim
1019 1952 1083 2011 sub·

93 2034 207 2093 luviem.
247 2033 387 2092 Lacertae
408 2034 508 2092 viridis
529 2035 645 2110 sanguis
672 2034 808 2093 subtritus
831 2045 859 2093 et
886 2035 1028 2094 bominum
1055 2044 1084 2094 et

92 2119 280 2176 iumentorum
307 2114 429 2175 sublitus
453 2125 550 2190 sanat,
578 2116 678 2177 clavos
701 2116 804 2196 pedum
828 2119 909 2177 urina
933 2118 1000 2177 muli
1024 2135 1083 2177 mu·

92 2200 176 2259 laeve
194 2217 257 2258 com
271 2198 331 2257 luto
348 2216 401 2258 suo
416 2199 506 2276 inlita,
521 2200 614 2259 limum
630 2202 733 2277 ovium,
748 2200 829 2260 iecor
844 2201 970 2261 lacertae
985 2202 1084 2262 viridis

91 2282 139 2342 vel
155 2282 384 2358 sanguisllocco
402 2284 555 2361 inpositus,
571 2302 685 2344 vermes
699 2286 806 2344 terreni
825 2303 862 2344 ex
879 2285 962 2362 oleo,
985 2286 1083 2344 stelio·

56 2377 83 2418 2⁵
93 2366 136 2423 nis
153 2374 239 2443 caput
252 2384 313 2424 cum
325 2366 420 2424 viticis
436 2367 595 2444 parimodo
607 2370 701 2426 tritum
718 2385 756 2427 ex
772 2368 851 2445 oleo,
865 2369 958 2428 limum
976 2369 1083 2428 colum·

91 2447 186 2506 binum
201 2446 351 2507 decoctum
369 2464 406 2506 ex
423 2457 522 2525 aceto,
547 2468 684 2510 verrucas
707 2467 778 2509 vero
800 2453 922 2510 omnium
943 2469 1081 2528 generum
1091 2463 1124 2517 81

90 2530 170 2588 nrina
188 2532 267 2590 canis
284 2547 388 2590 recens
407 2549 469 2590 cum
486 2549 537 2590 suo
552 2530 611 2592 luto
627 2533 721 2608 inlita,
743 2533 800 2592 limi
822 2535 914 2592 canini
931 2534 1002 2592 cinis
1019 2553 1083 2594 cum

93 2628 175 2688 cera,
198 2613 290 2670 dmum
308 2614 417 2681 ovium,
442 2615 558 2689 sanguis
580 2631 685 2673 recens
701 2617 826 2674 murinus
846 2616 940 2675 inlutus
955 2616 1002 2675 vel
1018 2618 1083 2694 ipse

92 2711 154 2753 mus
168 2693 306 2771 divolsus,
321 2697 449 2755 irenacei
464 2696 521 2772 iel,
538 2706 624 2775 caput
639 2697 767 2756 lacertae
784 2698 832 2757 vel
848 2700 963 2774 sanguis
978 2699 1027 2758 vel
1044 2702 1083 2759 ci-

55 2779 136 2838 aonis
153 2779 251 2853 totius,
268 2776 429 2837 membrana
448 2781 605 2839 senectutis
620 2780 767 2855 anguium,
784 2781 877 2840 fimum
892 2780 1083 2858 gallinaceum

91 2878 154 2920 oum
175 2860 242 2920 oleo
259 2869 288 2920 ct
306 2862 390 2921 nitro.
414 2861 600 2923 cantharidas
612 2875 675 2922 cnm
686 2881 741 2922 uva
757 2865 869 2924 taminia
886 2865 999 2924 intritae
1015 2884 1083 2925 exe·

90 2945 175 3019 dont,
199 2944 250 3004 sed
266 2945 304 3004 ita
320 2962 421 3005 erosas
436 2946 499 3006 aliis
518 2964 590 3024 quae
606 2946 641 3006 ad
659 2946 838 3025 persananda
853 2947 951 3008 ulcera
967 2949 1083 3009 demon·

91 3031 243 3087 stravimus
257 3029 350 3088 curari
368 3039 493 3108 oportet.

157 3112 205 3172 10.
229 3109 313 3189 (24.)
338 3110 421 3171 Nunc
434 3121 651 3191 praevertemur
663 3113 699 3173 ad
718 3131 752 3173 ea
770 3130 844 3192 quae
860 3117 927 3175 totis
949 3117 1125 3193 corpori-82

54 3193 144 3254 asbus
166 3195 317 3254 metuenda
339 3203 412 3254 sunt.
447 3195 500 3255 vel
516 3199 595 3256 canis
614 3198 689 3273 nigri
709 3198 828 3257 masculi
848 3199 1000 3257 amuletum
1015 3216 1082 3259 esse

91 3276 274 3354 dieuntblagi
293 3278 393 3337 domus
407 3281 492 3337 totius
507 3280 619 3339 suilitae
636 3298 671 3340 eo
687 3281 892 3358 porilicataeve
911 3289 1011 3340 contra
1022 3298 1082 3341 om·

91 3360 138 3418 nia
150 3360 223 3420 mala
234 3360 453 3436 medicamenta,
464 3363 531 3420 item
544 3365 711 3439 sanguinem
723 3365 801 3422 canis
812 3365 958 3440 respersis
971 3366 1083 3442 parieti·

90 3442 144 3502 bns
161 3443 346 3522 genitaleque
361 3445 422 3504 eins
437 3444 490 3504 sub
505 3444 601 3506 limine
617 3447 717 3506 ianuae
735 3445 890 3505 delossum.
923 3447 1015 3505 miuus
1033 3448 1087 3503 mi-
