2400 3840
266 167 269 172 ’
342 206 424 254 nnn.
440 205 531 254 ruso.
547 206 645 253 xx1x.
660 204 687 258 c.
702 192 759 273 (11.
775 193 833 272 na.)
1019 193 1080 254 215

95 360 204 420 esino.
241 359 369 420 scabiem
386 375 541 437 corporum
557 376 591 418 ac
605 361 743 437 pruritum
758 358 827 418 cleo
849 366 878 418 et
894 358 991 418 cedria
1014 359 1084 418 mix-

96 444 133 502 tis
146 443 259 519 tollunt,
274 443 372 503 ulcera
389 459 505 520 quoque
518 441 609 502 umida
624 442 762 521 incapite
778 441 938 516 cyclamino
950 441 1082 501 admixta.

97 525 132 586 ad
149 528 227 603 puris
243 535 273 584 et
287 527 433 602 sanguinis
449 527 669 586 exscreationes
688 541 774 585 onom
795 524 911 584 crudum
926 541 989 583 cum
1004 525 1084 603 porri

97 610 198 668 sectivi
214 625 284 667 succ
300 610 420 687 parique
435 626 567 668 mensura
588 609 682 669 mellis
698 607 803 670 Graeci
825 607 995 667 calefactum
1015 606 1083 667 hau·

70 694 176 753 uritur.
201 691 301 750 dantur
316 700 346 750 et
359 691 544 752 tussientibus
557 699 641 751 cocta
657 700 686 752 et
700 692 766 751 trita
779 708 840 750 cum
855 690 984 750 melleet
997 689 1084 750 cruda

97 790 160 833 cum
175 790 262 851 passo
277 774 393 853 oleique
416 777 478 853 pari
499 774 596 835 modo.
634 773 815 834 infunduntur
838 783 866 832 et
880 773 1022 834 virilitatis
1041 774 1083 833 ti·

96 856 144 915 tiis
169 857 280 933 singula
305 875 368 917 cum
388 860 477 918 ternis
498 861 577 936 passi
600 858 711 933 cyathis
733 857 877 934 amylique
901 858 1046 916 semuncia
1068 874 1085 916 a

95 939 227 1015 balineis,
242 941 380 1000 adversus
396 942 470 1000 ictus
486 943 662 1018 serpentium
675 948 759 1000 cocta
771 942 895 1017 tritaque
908 941 1022 1000 adiecto
1035 958 1084 999 na·

95 1022 196 1081 sturtio
211 1023 372 1082 inlinuntur.
412 1022 486 1083 (libo
504 1033 575 1101 quot
589 1024 680 1083 modis
701 1025 798 1083 iuvent
821 1032 917 1082 notum
942 1031 1002 1099 est,
1021 1032 1127 1089 cumba

59 1122 85 1163 m
96 1114 276 1165 transmeent
284 1108 407 1167 faucium
421 1116 559 1166 tumorem
571 1107 754 1184 calfactuque
765 1105 860 1166 obiter
875 1106 1001 1167 foveant.
1024 1107 1084 1167 nul·

93 1189 138 1248 lus
150 1186 195 1248 est
206 1188 279 1248 alius
296 1189 377 1248 cibus
386 1190 434 1267 qui
448 1191 476 1248 in
493 1188 671 1264 aegritudine
689 1189 747 1248 alat
761 1206 856 1266 neque
874 1199 976 1248 oneret
989 1190 1084 1249 simul·

92 1289 151 1348 que
165 1272 223 1329 vim
236 1280 322 1348 potus
343 1280 373 1330 et
387 1270 443 1330 cibi
458 1270 572 1330 babeat.
599 1272 810 1332 blaceratorunu
830 1272 858 1329 in
879 1281 963 1331 aceto
978 1273 1126 1338 molliritc

95 1354 216 1412 diximus
239 1361 382 1430 putamen.
411 1354 516 1415 talibus
539 1371 603 1412 cum
622 1355 714 1413 farina
737 1354 766 1411 in
788 1370 892 1430 panem
914 1353 1040 1413 subactis
1053 1373 1083 1414 ιο,
1093 1374 1126 1408 ιιι

95 1435 217 1495 coeliaci
245 1443 421 1495 recreantur.
464 1435 577 1515 quidam
598 1439 636 1497 ita
658 1435 785 1495 resoluta
804 1436 833 1494 in
853 1438 956 1514 patinis
971 1445 1084 1495 torrere

60 1538 86 1580 m
97 1519 192 1578 utilius
214 1526 326 1596 putant,
347 1534 404 1597 quo
426 1536 536 1596 genere
555 1536 613 1579 non
631 1520 714 1579 alvos
729 1526 836 1577 tautum
855 1518 908 1578 sed
922 1527 953 1578 et
968 1536 1083 1578 menses

84 1601 261 1662 'feminamm
273 1602 385 1678 sistunt,
401 1610 449 1661 aut
465 1604 489 1662 si
503 1604 594 1662 maior
609 1603 646 1662 sit
660 1604 794 1680 impetus,
811 1601 898 1662 cruda
913 1620 977 1661 cum
992 1602 1083 1661 iarina

94 1694 123 1745 et
137 1701 209 1762 aqua
224 1683 398 1760 hauriuntur,
417 1695 446 1745 et
460 1703 514 1763 per
531 1703 563 1745 se
580 1685 656 1746 lutea
678 1703 716 1744 ex
735 1684 781 1745 bis
801 1685 924 1745 decocta
944 1687 973 1744 in
999 1694 1083 1744 aceto

94 1768 188 1828 donec
202 1766 402 1846 indurescant,
417 1771 578 1848 iterumque
593 1786 655 1830 cum
670 1770 737 1829 trito
752 1771 856 1847 pipere
870 1778 1033 1829 torreantur
1048 1767 1083 1827 ad

95 1850 270 1911 cohibendas
297 1852 388 1911 alvos.
425 1851 472 1912 Fit
497 1863 526 1912 et
540 1852 729 1928 ‘dysintericis
755 1852 910 1912 remedium
934 1851 1126 1928 singularem)

55 1951 84 1994 ao
95 1951 151 1994 ovo
167 1934 259 1994 effuso
274 1936 303 1993 in
317 1935 408 1995 fictile
421 1953 528 1996 novom
542 1935 726 2014 eiusdemque
742 1936 945 2009 naimonem,
961 1944 992 1993 ut
1002 1937 1082 2012 paria

94 2019 149 2077 siut
162 2017 267 2094 omnia,
284 2017 387 2091 melle,
411 2035 478 2076 mcx
494 2026 593 2094 aceto,
614 2020 681 2077 item
692 2018 761 2078 oleo
777 2018 905 2077 confusis
921 2016 1083 2094 crebroque

93 2100 252 2178 permixtis.
285 2115 342 2177 quc
357 2099 461 2159 fuerint
486 2118 521 2160 ea
536 2101 746 2160 excellentiora
760 2099 817 2160 hcc
832 2100 1014 2178 praesentius
1037 2116 1084 2158 re·

93 2181 214 2241 medium
232 2182 294 2240 erit.
336 2182 383 2241 alii
398 2182 499 2243 cadem
515 2201 649 2243 mensura
665 2200 719 2262 pro
735 2182 802 2241 oleo
818 2191 848 2242 et
864 2193 948 2243 aceto
959 2183 1083 2242 resinam

94 2264 219 2325 adiciunt
240 2264 390 2324 rubentem
413 2269 567 2345 vinumque
586 2277 615 2327 et
636 2268 693 2327 alio
713 2265 800 2326 modo
821 2274 997 2345 temperant,
1025 2265 1083 2326 clei

54 2356 200 2407 astantum
220 2365 352 2409 mensura
372 2351 434 2427 pari
455 2352 591 2428 pineique
614 2350 730 2410 corticis
757 2349 866 2410 duabus
891 2350 1081 2427 sexagesimis

93 2432 290 2507 denariorum,
305 2449 360 2490 una
387 2433 449 2491 eius
469 2433 546 2510 quod
568 2432 648 2491 rhum
670 2432 807 2507 diximus,
828 2432 923 2491 mellis
944 2433 1039 2492 obolis
1052 2450 1115 2493 mu

92 2515 218 2592 quinque
236 2514 317 2573 simul
332 2514 479 2589 decoctis,
504 2515 542 2573 lta
560 2523 591 2572 ut
605 2515 685 2574 cibus
703 2524 772 2592 post
786 2523 919 2592 quattuor
933 2513 1020 2573 lucras
1037 2531 1081 2571 su·

92 2606 193 2655 matur.
224 2596 390 2656 torminibus
406 2613 522 2674 quoque
536 2595 614 2654 multi
631 2596 780 2655 medentur
802 2613 858 2656 ova
876 2595 940 2655 bina
962 2613 1024 2653 cum
1045 2590 1083 2653 all

94 2680 183 2756 spicis
195 2686 328 2755 quattuor
339 2696 393 2738 nna
404 2678 524 2738 terendo
535 2680 650 2757 vinique
664 2679 776 2739 hemina
788 2678 987 2739 calefaciendo
996 2686 1083 2756 atque

54 2787 85 2830 ιο
95 2763 133 2821 ita
147 2759 283 2838 potundc.
312 2760 359 2835 m,
376 2778 412 2819 ne
428 2762 497 2839 quid
512 2761 587 2821 desit
600 2779 720 2822 ovorum
733 2764 860 2839 gratiae,
879 2761 1028 2822 candidum
1044 2776 1082 2820 ex
1090 2771 1124 2824 51

93 2845 137 2905 bis
155 2844 307 2904 admixtum
325 2844 399 2903 calci
419 2845 503 2905 vivae
522 2846 642 2923 glutinat
661 2846 727 2905 vitri
748 2845 917 2922 fragmenta.
946 2847 991 2906 ris
1011 2861 1083 2904 vero

92 2937 170 2988 tanta
182 2937 227 2987 est
238 2934 267 2986 ut
279 2927 386 3004 lignum
401 2929 547 3006 perfusum
561 2945 619 2989 ovo
635 2947 692 2990 non
707 2929 806 2989 ardeat
821 2947 856 2989 ac
871 2948 907 2988 ne
917 2931 1007 2989 vestis
1021 2930 1081 3008 qui·

93 3010 158 3071 dem
172 3017 305 3070 contacta
319 3011 461 3072 aduratur.
489 3012 534 3074 De
544 3013 714 3090 gallinarum
728 3020 823 3073 autem
839 3015 903 3073 oris
917 3021 1022 3073 tantum
1040 3012 1081 3071 lc·

94 3096 150 3154 cuti
166 3110 278 3167 sumus,
298 3111 360 3153 cum
376 3103 406 3153 et
420 3096 593 3174 reliquarum
606 3097 703 3156 alitum
719 3104 829 3157 restent
842 3112 964 3172 magnae
978 3095 1080 3154 utilita-

55 3186 148 3252 autes‚
163 3179 236 3236 sicut
251 3176 310 3235 suis
326 3177 400 3237 locis
415 3177 552 3238 dicemus.

157 3258 239 3336 (12.)
262 3259 416 3320 Praeterea
431 3269 476 3320 est
486 3278 605 3321 ovorum
620 3279 712 3339 genus
724 3265 753 3322 in
769 3279 873 3338 magna
888 3260 961 3320 lama
975 3259 1078 3320 Gallia·
1090 3269 1124 3324 52

91 3360 170 3418 rum,
197 3343 332 3402 omissum
352 3343 481 3403 Graecis.
512 3361 622 3421 angues
643 3346 782 3405 innumeri
803 3351 914 3404 aestate
937 3342 1083 3402 convoluti

92 3425 191 3485 salivis
205 3425 327 3486 faucium
343 3442 555 3506 corpcmmque
571 3429 680 3507 spumis
696 3428 798 3488 artifici
812 3426 957 3503 conplexu
971 3425 1084 3501 glome-
