2400 3840
324 206 404 255 aar.
420 205 511 256 nisa.
527 202 650 254 xxmn.
665 204 692 258 o.
708 203 735 259 7.
746 197 899 270 (sa—at.)
1001 160 1013 179 Χ
1051 195 1110 258 169

118 381 196 423 crum
222 364 317 439 ignem
339 362 665 439 sanguinemquesisti,
688 361 769 421 inlito
790 370 819 421 et
840 361 870 419 in
891 361 1109 422 formicationes

118 464 169 507 cor
191 464 282 506 orum.

170 465 263 608 p(21.)
286 528 331 588 De
351 528 435 588 lactis
454 546 506 588 usu
529 528 663 588 convenit
684 527 878 588 dulcissimum
903 545 971 588 esse
996 527 1104 587 mollis·
1118 538 1153 592 ta

117 615 275 689 simumqne
304 621 333 671 et
353 612 381 669 in
404 611 491 689 longa
514 611 588 671 iebri
611 611 807 689 coeliacisque
829 610 1026 689 utilissimum,
1052 628 1109 670 ma·

92 711 201 756 axume
224 697 285 754 eius
302 711 375 773 quae
396 697 450 754 iam
471 694 606 754 infantem
624 696 789 755 removerit.
819 703 849 754 et
862 695 891 753 in
911 697 1030 756 malacia
1051 704 1108 755 sto·

116 778 223 854 machi,
248 779 276 837 in
303 776 432 837 febribus
453 778 676 857 rosionibusque
704 779 931 839 efficacissimum
955 779 1107 858 experiun-

115 872 170 923 tur.
199 863 266 921 item
280 879 460 922 mammarum
476 860 700 922 collectionibus
717 879 779 921 cum
797 869 876 939 ture,
895 864 981 923 oculo
998 861 1034 922 ab
1052 863 1109 920 ictu

117 963 222 1005 cruore
244 944 363 1006 subluso
388 955 418 1006 ct
438 947 465 1005 in
481 945 584 1006 dolore
606 953 654 1004 aot
677 945 833 1023 epiphora,
862 948 887 1004 si
909 947 1109 1024 immulgeatnr,

115 1029 274 1109 plurumum
290 1030 426 1108 prodest,
442 1030 592 1107 magisque
609 1045 672 1088 cum
683 1028 769 1087 melle
789 1037 817 1088 et
836 1032 958 1090 narcissi
973 1047 1044 1090 suco
1061 1036 1109 1088 aut
1144 1082 1150 1091 ,

80 1114 186 1176 acturis
201 1114 328 1191 polline,
351 1130 496 1191 superque
512 1114 540 1170 in
559 1112 635 1170 omui
649 1130 701 1170 usn
716 1111 864 1171 ellicacius
881 1115 942 1173 eius
962 1131 1036 1192 quae
1051 1130 1109 1171 ma·

114 1214 176 1256 rem
200 1197 285 1254 enixa
309 1197 347 1254 sit
367 1195 514 1272 multoque
538 1194 768 1253 efficacissimum
795 1195 858 1253 eins
880 1214 953 1274 quae
974 1198 1108 1273 geminos

114 1280 200 1338 maris
229 1287 257 1336 et
278 1279 303 1336 si
322 1280 390 1336 vino
412 1279 475 1354 ipsa
496 1276 626 1353 cibisque
653 1276 813 1336 acrioribus
836 1277 986 1338 abstineat.
1016 1279 1104 1338 mixto
1115 1287 1150 1342 73

115 1369 268 1440 praeterea
289 1377 409 1420 ovorum
425 1358 547 1419 candido
564 1359 677 1437 liquore
699 1359 871 1437 madidaque
886 1361 952 1420 lana
966 1360 1108 1420 frontibus

114 1445 271 1523 inpositum
288 1442 441 1502 ductiones
457 1443 607 1502 oculorum
625 1442 783 1521 suspendit.
813 1460 878 1501 nam
894 1445 919 1501 si
933 1461 1001 1502 rana
1017 1444 1109 1502 saliva

80 1552 107 1594 15
118 1546 167 1587 sua
183 1527 298 1585 oculum
314 1526 501 1605 adsperserit,
518 1526 704 1605 praecipuum
720 1535 765 1586 est
778 1526 945 1602 remedium,
963 1536 992 1586 et
1008 1535 1109 1585 contra

115 1627 241 1670 morsum
257 1608 386 1669 eiusdem
402 1608 508 1669 bibitur
519 1611 739 1688 instillaturque.
769 1628 833 1669 eum
850 1612 898 1690 qui
913 1610 996 1670 simul
1010 1610 1108 1669 matris

116 1695 251 1772 filiaeque
267 1692 343 1753 lacte
363 1693 493 1754 inunctus
516 1695 553 1753 sit
577 1693 695 1753 liberari
717 1696 792 1754 omni
814 1695 963 1755 oculorum
983 1703 1060 1753 metu
1081 1696 1109 1753 in

115 1787 204 1838 totam
226 1778 311 1837 vitam
334 1777 493 1838 adfirmant.
526 1778 633 1837 aurium
662 1795 777 1855 quoque
801 1779 876 1838 vitiis
899 1779 1031 1839 medetur
1060 1778 1107 1838 ad·

114 1864 203 1922 mixto
219 1861 333 1921 modice
351 1861 419 1920 oleo
437 1869 492 1938 aut,
507 1859 582 1920 siah
597 1862 654 1918 ictu
671 1860 950 1937 doleant‚mnserino
966 1862 1051 1940 adipe
1066 1871 1107 1920 te·

78 1969 106 2010 ao
116 1945 271 2024 pelactum.
302 1947 326 2003 si
341 1945 377 2004 sit
391 1944 464 2004 odor
478 1945 611 2020 gravior,
631 1952 661 2002 ut
677 1944 847 2022 plerumque
862 1945 892 2004 lit
909 1945 1005 2021 longis
1020 1945 1107 2020 vitiis,

115 2028 204 2088 diluto
225 2028 310 2087 melle
332 2027 397 2086 lana
419 2026 581 2086 includitur.
620 2035 650 2085 et
673 2036 774 2087 contra
794 2027 905 2102 regium
926 2026 1056 2085 morbum
1076 2027 1104 2084 in
1115 2035 1152 2090 74

116 2111 209 2170 oculis
222 2111 353 2169 relictum
365 2109 517 2169 instillatur
532 2127 596 2170 cum
607 2109 739 2169 elaterio.
762 2108 950 2186 peculiariter
964 2109 1043 2168 valet
1055 2125 1105 2186 po-

114 2204 172 2253 tum
186 2201 286 2254 contra
297 2210 408 2253 venena
419 2227 462 2240 --
471 2211 545 2273 quae
560 2193 623 2253 data
636 2195 691 2252 sint
706 2211 722 2251 e
734 2194 843 2252 marino
856 2192 960 2271 lepore
972 2211 1106 2273 praeser-

115 2276 175 2354 tim,
191 2285 222 2335 ut
233 2276 291 2354 alii,
308 2286 337 2336 nt
346 2277 523 2337 Aristoteles
537 2277 630 2354 tradit,
642 2277 811 2352 dorycnium
822 2286 906 2336 -et
919 2285 1019 2336 contra
1031 2277 1106 2337 insa-

79 2386 105 2426 25
116 2362 188 2419 niam
204 2360 368 2438 quaefacta
385 2363 422 2421 sit
433 2362 603 2436 hyoscyami
616 2371 696 2438 potn.
725 2360 864 2440 podagris
878 2378 993 2439 quoque
1009 2359 1107 2419 iubent

114 2444 192 2503 inlini
207 2461 271 2503 cum
291 2446 394 2518 cicuta,
412 2445 461 2504 alii
476 2461 540 2502 cnm
555 2459 667 2520 oesypo
684 2453 713 2503 et
724 2444 810 2523 adipe
820 2445 966 2518 anserino,
983 2444 1106 2521 qualiter

115 2529 201 2586 etiam
209 2526 358 2585 volvarum
371 2525 521 2585 doloribus
533 2527 687 2602 inponitur.
704 2526 798 2585 alvom
811 2528 895 2586 etiam
910 2527 985 2586 sistit
997 2534 1105 2603 potum,

114 2617 145 2667 ut
159 2608 293 2668 Rabirius
308 2607 424 2684 scribit,
442 2617 470 2668 et
486 2624 602 2667 menses
624 2608 690 2666 ciet.
720 2608 782 2666 eius
797 2626 868 2668 vero
885 2627 958 2688 quae
974 2608 1149 2674 feminamts

116 2693 200 2751 enixa
212 2692 250 2749 sit
260 2690 370 2750 advitia
384 2699 488 2751 tantum
500 2692 528 2750 in
539 2689 615 2749 facie
628 2689 753 2749 sananda
766 2691 925 2768 praevalet.
943 2692 1106 2770 pulmonum

75 2803 105 2845 ,ο
116 2792 231 2853 quoque
249 2774 426 2834 incommoda
444 2775 520 2834 lacte
539 2773 667 2833 mulieris
685 2782 829 2851 sanantur,
847 2776 891 2833 cni
912 2775 936 2834 si
947 2774 1105 2834 admiscea-

113 2868 159 2918 tur
170 2856 285 2936 inpubis
297 2858 379 2935 pueri
393 2861 472 2919 urina
486 2868 515 2919 et
532 2857 589 2917 mel
602 2856 739 2933 Atticum,
752 2860 845 2918 omnia
859 2859 1034 2918 coclearium
1050 2860 1105 2917 sin·

113 2943 246 3019 gnlorum
263 2959 405 3020 mensura,
421 2943 552 3002 animalia
567 2957 682 3020 quoque
696 2942 803 3000 aurium
817 2944 873 3002 eici
887 2943 1012 3003 invenio.
1045 2943 1106 3000 eius

114 3021 188 3103 qnae
203 3043 309 3084 marem
321 3029 436 3105 peperit
448 3027 525 3087 lacte
536 3035 651 3103 gustato
664 3042 751 3085 canes
765 3023 900 3087 rabiosos
912 3034 1018 3102 negant
1033 3026 1105 3085 lieri.

180 3108 264 3186 (22.)
285 3109 415 3169 Mulieris
437 3126 553 3188 qnoque
571 3109 690 3169 salivam
705 3110 820 3188 ieiunae
841 3118 987 3189 potentem
1004 3107 1149 3171 diioui-76

76 3201 180 3251 aucant
195 3192 349 3251 cruentatis
365 3192 458 3252 oculis
474 3202 518 3267 et,
544 3194 569 3252 si
593 3201 693 3252 contra
710 3193 867 3271 epiphoras
888 3194 1037 3252 ferventes
1057 3207 1104 3250 an·

114 3276 175 3351 guli
191 3275 340 3334 oculorum
355 3275 475 3335 subinde
490 3275 653 3352 madefiant,
671 3275 838 3351 eilicacins,
858 3277 883 3334 si
900 3275 965 3335 cibo
981 3275 1106 3352 vinoque

113 3375 147 3416 se
162 3357 254 3435 pridie
271 3376 304 3417 ea
320 3358 496 3419 abstinuerit.
526 3357 644 3419 Invenio
667 3366 696 3418 et
717 3359 806 3419 iascia
830 3359 958 3417 mulieris
979 3357 1106 3434 adligato

113 3442 208 3520 capite
224 3440 342 3502 dolores
357 3444 452 3502 minui.
