2400 3840
310 193 392 241 usn.
408 191 499 239 n1sn.
514 189 625 238 xnxn.
643 189 670 241 s.
687 188 713 241 4.
734 179 793 255 (13.
811 178 869 256 14.)
1025 175 1083 237 291
1110 161 1114 165 ’

91 349 203 412 cellsus
224 349 251 406 in
272 365 325 407 usu
345 345 467 423 pretium
484 353 661 421 naturaeque
678 344 894 423 proprietatem.
928 351 993 403 snut
1012 359 1084 419 ergo

90 432 263 492 testudinum
280 446 404 508 genera:
426 436 597 502 terrestres,
616 427 759 501 marinae,
778 426 899 486 lutariae
921 422 952 485 ct'
966 442 1040 504 quae
1057 427 1086 484 in

91 516 166 576 dulci
184 532 257 593 aqua
277 515 385 572 vivont.
419 510 471 570 has
487 509 601 587 qnidam
619 529 635 569 e
652 508 772 570 Graecis
794 508 910 583 emydas
927 508 1085 588 appellant.

90 599 281 660 Terrestrium
298 612 400 656 carues
415 593 607 654 suiiitionibus
623 595 760 671 propriae
781 594 960 671 magicisque
976 591 1084 653 artibus
1095 601 1130 656 33

66 681 248 746 areiutandis
270 689 299 740 ct
321 686 420 739 contra
440 695 552 737 venena
575 676 717 736 salutares
739 677 905 756 produntur.
938 676 1088 754 plurumae

90 769 118 825 in
135 765 246 824 Airica.
273 763 328 823 bae
349 762 389 822 ibi
409 769 554 840 amputato
576 762 672 839 capite
689 759 870 839 pedibusque
887 777 940 838 pro
958 760 1086 820 antidoto

90 849 151 910 dari
174 848 305 908 dicuntur
326 855 355 906 et
374 863 391 904 c
413 847 475 904 iure
498 845 527 903 in
550 843 617 902 cibo
639 854 770 922 sumptae
793 853 914 904 strumas
932 842 1087 918 discutere,

89 933 181 992 lienes
200 930 316 1007 tollere,
333 930 401 989 item
419 927 571 988 comitialis
589 926 716 988 morbos.
748 929 866 1005 sanguis
885 945 981 988 earum
1004 927 1087 987 clari·

90 1024 175 1075 tatem
193 1015 271 1074 visus
289 1014 368 1089 iacit,
384 1011 570 1072 subfusiones
586 1010 734 1070 oculorum
750 1011 836 1072 tollit.
862 1020 892 1071 et
907 1020 1008 1071 contra
1025 1028 1087 1070 ser·

56 1118 80 1158 so
91 1101 217 1176 pontium
229 1099 352 1157 omnium
364 1103 392 1155 et
404 1111 573 1154 araneorum
592 1112 625 1153 ac
638 1090 770 1154 similium
786 1104 814 1161 et
828 1112 960 1154 ranarum
975 1111 1087 1154 venena

90 1181 240 1241 auxiliatur
257 1187 374 1239 servato
387 1179 527 1254 sanguine
541 1178 569 1235 in
581 1177 671 1236 iarina
684 1178 782 1255 pilulis
796 1178 881 1237 iactis
894 1188 923 1238 et
938 1196 1001 1238 curu
1014 1194 1088 1255 opus

90 1266 168 1323 sitin
186 1265 254 1322 vino
271 1261 354 1322 datis.
383 1259 454 1320 ielie
473 1258 644 1319 testudinum
666 1278 728 1319 cum
743 1260 841 1321 Attico
864 1262 950 1321 melle
968 1261 1086 1338 glauco·

89 1354 164 1406 mata
178 1346 294 1421 inungui
309 1343 441 1422 prodest,
454 1345 639 1421 scorpionum
654 1343 759 1421 plagae
774 1344 914 1404 instillari.
937 1345 1085 1421 tegimenti
1097 1351 1131 1407 34

92 1429 162 1495 cinis
187 1427 255 1486 vino
283 1435 312 1486 et
334 1426 401 1487 oleo
422 1426 559 1486 subactus
582 1425 686 1504 pedum
706 1427 792 1487 rimas
815 1427 973 1504 ulceraque
996 1435 1087 1487 sanat.

56 1528 226 1589 usquamne
248 1528 265 1570 e
285 1528 392 1570 summa
414 1519 498 1588 parte
522 1509 644 1569 derasae
665 1519 694 1569 et
714 1511 741 1569 in
760 1518 829 1588 potu
851 1509 934 1570 datae
952 1528 1089 1570 venerem

92 1593 237 1655 cohibent.
255 1611 292 1653 eo
303 1595 396 1669 magis
408 1592 465 1653 hoc
474 1594 585 1667 mirum,
595 1594 728 1672 quoniam
740 1594 829 1653 totius
837 1595 986 1671 tegimenti
998 1595 1089 1654 iarina

90 1676 252 1738 accendere
262 1676 382 1737 traditur
393 1675 548 1738 libidinem.
570 1677 679 1737 urinam
692 1677 775 1737 aliter
787 1695 884 1737 aarum
898 1696 983 1757 quam
999 1679 1027 1736 in
1040 1695 1089 1736 ve·

90 1762 151 1821 sica
172 1760 361 1821 dissectarum
389 1761 511 1821 inveniri
538 1778 628 1839 posse
656 1777 714 1820 nou
736 1761 875 1839 arbitror,
905 1772 934 1822 et
956 1764 1032 1823 inter
1055 1778 1090 1823 ea

91 1862 158 1905 csse
172 1843 230 1903 lroc
244 1861 360 1924 quoque
378 1862 453 1923 quae
471 1853 642 1922 portentose
657 1845 734 1923 liagi
751 1846 963 1923 demonstrent,
986 1847 1089 1907 adver·

54 1947 80 1988 ao
91 1947 140 1988 sus
158 1927 287 2005 aspidum
307 1929 381 1988 ictus
397 1928 587 2005 singularem,
610 1926 808 1990 efficaciorem
823 1941 933 2006 tamen,
954 1939 985 1990 ut
1002 1932 1089 2006 aiunt,

90 2010 236 2071 cimicibus
251 2009 392 2070 admixtis.
416 2027 472 2070 ova
487 2009 587 2072 durata
602 2011 757 2071 inlinuntur
769 2015 882 2072 strumis
899 2022 928 2072 et
943 2012 1090 2073 ulceribus

88 2096 199 2171 irigore
214 2103 261 2154 aut
276 2092 427 2153 adustione
441 2093 536 2153 iactis.
559 2094 714 2154 sorbentur
728 2097 756 2154 in
774 2095 913 2155 stomachi
928 2095 1088 2156 doloribus.

88 2179 260 2239 blarinarum
273 2195 375 2237 carnes
385 2176 528 2236 admixtae
540 2194 671 2238 ranarum
687 2177 819 2238 carnibus
832 2187 932 2239 contra
946 2179 1085 2238 salaman·
1096 2187 1130 2242 35

89 2262 156 2321 dras
179 2260 331 2339 praeclare
352 2259 539 2338 auxiliantur,
563 2279 659 2339 neque
686 2261 829 2322 testudine
851 2262 927 2322 aliud
951 2262 1088 2322 salaman·

54 2344 159 2405 saurae
182 2344 341 2405 adversius.
379 2345 520 2422 sanguino
544 2343 741 2422 alopeciarum
768 2346 888 2406 inanitas
915 2354 944 2406 et
968 2347 1089 2426 porrigo

91 2429 242 2507 omniaque
269 2429 372 2506 capitis
395 2427 495 2487 ulcera
518 2437 661 2487 curantur.
697 2429 864 2489 inarescere
887 2448 950 2489 eum
973 2437 1089 2508 oportet

90 2511 226 2590 lenteque
245 2510 330 2570 ablui.
357 2509 512 2570 instillatur
527 2519 556 2569 ct
576 2509 672 2570 dolori
689 2513 796 2571 aurium
813 2531 876 2572 curn
897 2512 972 2572 lacte
987 2513 1087 2572 mulie·

90 2613 167 2670 rum,
191 2592 332 2654 adversus
354 2591 473 2652 morbos
496 2592 648 2653 comitialis
669 2592 810 2653 manditur
826 2612 888 2654 cnm
904 2596 1013 2673 polline
1031 2597 1088 2655 iru-

89 2678 185 2752 menti,
200 2677 337 2736 miscetur
356 2683 452 2735 autem
467 2676 614 2752 sanguinis
629 2675 751 2736 beminis
766 2676 857 2737 tribus
873 2680 948 2737 aceti
966 2678 1088 2738 hemina.

56 2760 173 2820 rodatur
189 2768 217 2819 et
232 2759 409 2836 suspiriosis,
435 2756 486 2818 sed
501 2767 558 2817 tum
573 2758 688 2819 hemina
701 2760 761 2835 uini
776 2759 896 2836 additur,
918 2761 962 2821 his
978 2771 1007 2821 et
1022 2778 1086 2822 cum
1096 2773 1131 2827 36

89 2843 253 2903 hordeacea
268 2842 370 2919 farina,
387 2850 472 2904 aceto
491 2859 608 2921 quoque
623 2842 761 2918 admixto,
776 2852 806 2902 ut
820 2844 858 2902 sit
874 2845 950 2924 quod
965 2845 1088 2906 devore-

89 2937 134 2987 tur
145 2925 229 2986 iabae
243 2926 447 3003 magnitudine,
465 2934 495 2986 et
509 2926 582 2988 haec
599 2926 713 3003 singula
725 2935 754 2986 et
767 2929 904 2988 matutino
920 2939 949 2989 et
961 2930 1089 3009 vespera

89 3011 200 3086 dantur,
217 3010 283 3070 dein
302 3020 369 3088 post
384 3011 495 3090 aliquot
512 3009 575 3071 dies
590 3010 656 3070 bina
672 3028 808 3088 vespera.
840 3013 1030 3074 comitialibus
1048 3014 1088 3072 in·
1139 3028 1152 3053 ·

90 3093 212 3154 stillatur
228 3111 280 3153 ore
295 3093 421 3171 diducto,
445 3096 481 3154 iis
496 3097 542 3175 qui
555 3093 669 3155 modice
686 3096 876 3173 corripiantur
893 3114 1009 3175 spasmo
1027 3114 1089 3156 cum

55 3192 81 3232 as
91 3187 225 3237 castoreo
246 3176 373 3251 clystere
388 3177 550 3239 infunditur.
579 3178 655 3258 quod
677 3179 700 3238 si
721 3177 821 3239 dentes
843 3188 888 3238 ter
911 3197 985 3240 anno
1007 3181 1130 3247 colu-37

90 3270 172 3323 antur
186 3260 359 3320 testudinum
374 3262 529 3338 sanguine,
549 3263 678 3321 inmunes
697 3281 712 3321 a
730 3261 833 3322 dolore
852 3264 928 3323 liant.
955 3273 983 3323 et
1003 3263 1088 3323 anbe-

91 3345 158 3405 litus
176 3345 292 3405 discutit
308 3362 436 3424 quasque
453 3343 652 3422 orthopnoeas
666 3354 782 3406 vocant.
806 3345 841 3405 ad
857 3346 909 3407 has
927 3349 955 3406 in
970 3347 1088 3424 polenta

92 3427 182 3488 datur.
206 3428 246 3488 iel
262 3428 433 3489 testudinum
446 3427 603 3489 claritatem
617 3429 766 3490 oculorum
782 3428 1027 3574 mit’gffimffl
1039 3449 1088 3491 ex·
