2400 3840
139 171 201 235 302
481 183 512 232 c.
527 184 624 232 rnrru
641 183 791 233 ausuum

137 347 270 399 autumno
285 346 313 399 et
327 337 473 400 ubimulta
489 338 582 399 dulcis
598 355 670 415 aqua
686 339 823 398 miscetur
836 340 918 414 mari,
935 337 973 398 ob
988 340 1016 399 id
1034 341 1063 398 in
1075 339 1132 401 Ae-

137 432 227 500 gypto
247 421 444 482 laudatissimi.
469 421 649 500 procedente
669 421 763 481 hieme
784 422 999 482 amaritudinem
1019 423 1135 484 trahunt

92 505 325 584 ascalonemque
341 506 466 565 rubrum.
489 504 591 565 horum
604 505 647 564 ius
662 504 781 564 traditur
796 505 891 565 alvom
907 514 937 566 01
946 508 1063 566 vesicas
1073 508 1132 567 exi·

134 590 251 665 nanire,
271 590 420 649 interanea
438 589 639 665 destringere,
664 589 757 648 omnia
778 587 949 666 adaperire,
971 592 1049 649 renis
1067 608 1132 668 pur·
1152 592 1157 598 ’

133 689 222 748 gare,
245 673 411 750 sanguinem
432 671 604 749 adipemque
624 670 761 730 minuere.
792 672 889 749 itaque
905 672 1048 732 utilissimi
1069 681 1157 733 suntt

133 754 312 832 hydropicis,
328 756 476 815 mulierum
490 753 717 833 purgationibus,
728 753 831 814 morbo
843 755 939 832 regio,
954 756 1132 832 articulario,

133 837 342 914 inflationibus,
368 839 435 897 item
452 836 551 897 obesis
572 836 651 896 lellis
665 837 857 916 pituitaeque,
882 838 1044 915 pulmonis,
1063 841 1132 899 ioci·

133 922 221 996 neris,
236 921 320 980 lienis
331 922 418 994 vitiis,
433 919 651 980 rheumatismis.
674 920 767 980 laucis
778 928 885 981 tautum
897 931 1004 980 vexant
1014 939 1132 982 vocem·

90 1012 123 1067 9⁷
136 1021 191 1080 que
207 1002 374 1063 obtundunt.
396 1003 495 1062 ulcera
508 1020 583 1082 quae
598 1013 718 1082 serpant
732 1013 779 1063 ant
792 1005 848 1064 sint
860 1004 1009 1082 purganda
1019 1013 1131 1080 sanant,

134 1087 201 1145 item
234 1087 442 1162 carcinomata,
476 1087 594 1146 cremati
621 1096 651 1146 ut
679 1087 804 1147 murices
832 1095 862 1146 et
885 1104 1000 1147 morsus
1029 1099 1163 1148 canumtt

132 1168 333 1247 hominumque
347 1187 410 1229 cum
421 1169 519 1245 melle,
535 1169 645 1247 lepras,
664 1170 827 1247 lentigines.
851 1171 922 1230 cinis
938 1187 1039 1231 eorum
1054 1172 1131 1231 lotus

133 1251 265 1312 emendat
283 1253 440 1330 caligines,
459 1252 626 1326 scabritias,
643 1253 805 1330 albugines,
821 1253 1002 1330 gingivarum
1018 1264 1049 1314 et
1063 1254 1131 1314 den·

132 1336 200 1394 tium
215 1337 293 1412 vitia,
311 1337 479 1416 eruptiones
496 1337 627 1415 pituitae,
648 1345 678 1396 et
691 1344 792 1396 contra
809 1335 977 1411 dorycnium
992 1346 1041 1397 aut
1060 1354 1131 1416 opo

88 1428 123 1484 98
135 1419 292 1497 carpathon
304 1419 422 1479 antidoti
431 1421 525 1479 vicem
533 1420 670 1498 optinent.
688 1419 866 1495 degenerant
876 1419 985 1480 induas
997 1420 1131 1498 species:

130 1502 245 1561 mitulos
258 1503 305 1581 qui
319 1503 408 1562 salem
420 1505 556 1582 virusque
569 1502 719 1580 resipiant,
731 1503 856 1577 myiscas
868 1519 943 1580 quae
954 1503 1131 1564 rotunditate
1140 1516 1163 1558 rs

131 1583 279 1661 differunt,
298 1586 425 1645 minores
443 1586 587 1664 aliquanto
610 1594 696 1664 atque
713 1584 821 1661 hirtae,
840 1585 1020 1646 tenuioribus
1034 1588 1131 1662 testis,

131 1685 218 1726 carue
233 1667 390 1729 dulciores.
420 1668 511 1729 blituli
526 1685 643 1747 qnoque
662 1677 693 1728 ut
706 1669 823 1728 muricis
843 1669 957 1728 cineres
973 1670 1132 1730 causticam

129 1751 186 1809 vim
200 1748 307 1809 habent
325 1750 405 1810 etad
421 1750 530 1829 lepras,
553 1752 724 1827 lentigines,
746 1751 883 1811 maculas.
914 1750 1047 1811 lavantur
1062 1769 1131 1830 qno·

130 1850 187 1910 qne
204 1832 311 1911 plumbi
327 1833 413 1894 modo
435 1833 470 1893 ad
487 1850 626 1910 genarum
641 1833 847 1894 crassitudines
870 1843 899 1894 et
919 1833 1071 1895 oculorum
1092 1834 1130 1895 ul·

130 1913 252 1991 bugines
268 1917 485 1996 caliginesque,
510 1926 595 1996 atque
618 1918 646 1975 in
667 1917 732 1977 aliis
751 1916 881 1994 partibus
895 1916 1013 1978 sordida
1029 1919 1163 1978 ulcerare

130 2000 292 2078 capitisque
317 2001 446 2078 pusulas.
475 2018 578 2060 carnes
605 2017 704 2060 eorum
733 1999 770 2060 ad
798 2001 878 2060 oanis
906 2017 1020 2060 morsus
1047 2002 1130 2080 inpo-

87 2091 121 2145 09
132 2091 243 2141 nuntur.
272 2092 300 2142 at
317 2083 467 2161 pelorides
483 2082 632 2144 emolliunt
646 2083 755 2159 alvom,
775 2083 843 2142 item
864 2092 997 2144 castorea
1011 2085 1041 2144 in
1057 2101 1131 2163 aqua

130 2164 221 2224 mulsa
237 2164 380 2225 drachmis
401 2166 485 2226 binis.
517 2169 564 2246 qui
582 2166 779 2226 vehementius
797 2166 898 2226 volunt
917 2166 1024 2227 addunt
1044 2185 1130 2227 oucu-

128 2249 215 2306 meris
228 2250 311 2321 sativi
323 2248 430 2308 radicis
443 2251 570 2309 siccatae
582 2249 745 2310 drachmam
762 2258 791 2309 et
802 2249 958 2328 aphronitri
971 2249 1053 2314 duas.
1075 2250 1129 2310 Te·

128 2329 194 2390 thea
216 2330 386 2391 torminibus
407 2341 435 2391 01
455 2332 648 2393 inllationibus
665 2342 829 2393 occurrunt.
861 2333 1042 2393 inveniuntur
1057 2333 1162 2395 haeoss

128 2414 157 2472 in
171 2413 252 2473 loliis
267 2414 383 2474 marinis
398 2417 546 2493 sugentis,
570 2417 723 2493 fungorum
737 2416 835 2476 verius
850 2418 968 2493 generis
986 2434 1073 2496 quam
1088 2418 1129 2493 pi·

48 2512 50 2516 ‘
86 2508 137 2560 100
148 2499 248 2556 scium.
272 2497 373 2557 eadem
389 2509 418 2559 01
435 2508 595 2560 tenesmum
607 2499 771 2560 dissolvant
785 2501 954 2578 reniumque
969 2501 1049 2560 vitia.
1072 2497 1130 2560 lla·

129 2582 217 2640 scitur
241 2589 270 2641 et
293 2582 321 2640 in
342 2584 411 2643 mari
429 2583 614 2662 apsinthium,
638 2584 715 2662 quod
737 2583 825 2662 aliqui
848 2583 994 2662 seriphum
1011 2592 1129 2661 vocant,

129 2666 206 2724 circa
215 2664 377 2743 Taposirim
391 2684 521 2737 maxume
530 2667 671 2747 Aegypti,
684 2668 787 2728 exilius
800 2669 940 2738 terrestri.
960 2666 1058 2727 alvom
1072 2666 1129 2728 sol·

128 2749 209 2807 vitet
223 2750 319 2808 noxiis
330 2750 496 2810 animalibus
510 2752 642 2811 intestina
656 2749 944 2826 liberat—solvont
956 2760 985 2809 et
997 2752 1162 2829 saepiae,so

88 2842 136 2894 101
148 2865 191 2877 -
206 2832 235 2891 in
254 2831 320 2891 cibo
337 2833 419 2893 datur
437 2852 500 2893 cum
522 2834 589 2894 oleo
606 2843 635 2894 et
650 2833 712 2894 sale
729 2843 758 2893 01
771 2834 861 2894 farina
878 2843 1002 2894 coctum.
1025 2835 1130 2896 hienae

128 2914 225 2974 salsae
235 2932 296 2974 cum
304 2915 375 2976 lelle
383 2917 495 2976 taurino
507 2918 605 2978 inlitae
614 2916 751 2977 umbilico
761 2916 989 2978 alvomsolvout.
1006 2919 1130 2996 piscium

128 3000 171 3058 ius
186 2999 214 3058 in
226 3000 321 3076 patina
336 3009 486 3060 coctorum
501 3019 564 3059 cum
581 3000 702 3060 lactucis
718 3010 875 3060 tenesmum
886 3000 1011 3060 discutit.
1032 3000 1131 3062 cancri

128 3082 281 3141 lluviatiles
299 3083 356 3143 triti
375 3091 404 3143 et
426 3102 463 3143 ex
486 3101 559 3160 aqua
575 3085 636 3161 poti
663 3084 759 3143 alvom
781 3085 898 3160 sistunt,
920 3085 1029 3144 urinam
1053 3087 1132 3144 cient

127 3166 156 3224 in
167 3167 234 3225 vinc
246 3165 324 3227 albo.
347 3166 490 3244 ademptis
504 3165 648 3226 bracchiis
660 3167 790 3227 calculos
802 3168 913 3246 pellunt
924 3167 1016 3228 tribus
1033 3167 1130 3228 obolis
1138 3185 1163 3228 aa

128 3266 191 3307 cum
200 3266 294 3308 murra
306 3258 335 3309 et
342 3251 376 3309 iri
386 3251 431 3327 de,
441 3251 562 3326 singulis
572 3267 669 3311 earum
677 3250 830 3328 drachmis,
839 3252 913 3312 ileos
926 3260 955 3311 et
965 3249 1130 3311 inflationes

129 3340 262 3392 castorea
279 3351 342 3393 cum
357 3333 440 3395 dauci
455 3335 566 3397 semine
584 3342 613 3393 et
634 3335 815 3413 petroselino
832 3343 964 3414 quantum
980 3335 1072 3394 ternis
1088 3333 1130 3394 di·

80 3456 82 3461 ·
128 3417 197 3491 gitis
214 3424 354 3495 sumatur,
374 3436 412 3477 ex
432 3417 516 3477 mulsi
533 3416 607 3477 caldi
625 3418 737 3493 cyathis
755 3427 902 3497 quattuor,
918 3418 1041 3478 tormina
1054 3432 1130 3478 vero
