2400 3840
306 236 387 284 nar.
404 235 495 284 man.
510 234 609 305 xxmp
628 232 651 284 r.
669 221 823 300 (aa-tt)
1030 220 1067 282 13

132 389 213 470 (27.)
239 389 306 449 Vini
323 391 409 450 etiam
424 391 523 450 vitium
537 388 639 449 transit
651 389 680 448 in
692 390 828 450 remedia.
852 389 947 450 Aceto
960 406 1066 447 summa
1077 399 1113 453 54

62 475 110 533 vis
129 482 175 533 est
190 475 219 534 in
234 473 454 550 refrigerando,
477 489 536 533 non
551 481 645 532 tamen
661 473 755 532 minor
770 475 799 534 in
814 471 1011 548 discutiendo,
1029 473 1069 531 ita

63 558 97 618 m
117 565 148 616 ut
168 557 265 618 infuso
286 565 383 618 terrae
406 564 527 636 spumet.
560 556 733 617 dictumest
758 559 874 635 saepius
898 556 1067 633 diceturque

64 642 203 719 quotiens
228 658 291 702 cum
314 640 377 700 aliis
400 642 502 721 prosit.
543 657 597 718 per
615 658 648 699 se
666 639 797 700 haustum
810 640 926 700 fastidia
941 640 1067 714 discutit,

39 725 212 802 esingultns
248 725 383 802 cohibet,
418 730 644 785 sternutamenta
671 723 844 786 olfactatum.
890 726 920 784 in
946 723 1067 784 balineis

64 817 165 869 aestus
189 818 287 886 arcet,
308 810 332 868 si
354 809 537 869 contineatur
555 823 616 866 ore.
650 808 718 885 quin
735 815 766 868 et
789 827 852 869 cum
867 826 939 886 aqua
961 807 1068 867 bibitur

64 891 220 953 multorum
241 891 390 953 stomacho
405 891 532 968 utiliter,
558 893 757 968 gargarizatur
770 909 834 952 cum
848 893 948 953 eadem
965 908 1069 950 conva-

64 975 240 1036 lescentium
262 984 293 1035 et
314 993 330 1034 a
353 974 425 1034 solis
448 974 611 1035 ardoribus.
653 974 745 1035 oculis
769 993 886 1055 quoque
910 975 961 1035 illo
983 974 1069 1034 modo

65 1058 287 1118 saluberrimum
311 1058 381 1118 fotu.
426 1059 559 1119 medetur
585 1067 655 1137 post
676 1067 762 1136 potas
798 1059 964 1136 hirudines,
994 1061 1109 1120 itemtc

33 1158 56 1200 ro
66 1141 178 1220 lepris,
203 1142 379 1219 furfuribus,
409 1142 556 1203 ulceribus
582 1143 780 1219 manantibus,
807 1143 886 1203 canis
912 1142 1069 1218 morsibus,

65 1225 253 1303 scorpionum
271 1226 393 1302 ictibus,
409 1225 676 1305 scolopendrarum,
694 1228 782 1285 muris
798 1227 895 1286 aranei
911 1234 1068 1302 contraque

67 1310 192 1368 omnium
212 1309 409 1370 aculeatorum
426 1327 539 1370 venena
555 1318 586 1370 et
602 1311 744 1387 pruritus,
769 1311 840 1369 item
857 1319 959 1369 contra
976 1308 1069 1367 multi-

66 1392 161 1470 pedae
182 1409 316 1453 morsnm.
357 1393 479 1455 calidum
500 1395 529 1454 in
550 1410 700 1471 spongea,
723 1392 837 1452 adiecto
860 1391 986 1470 sulpuris
1003 1410 1068 1451 sex·

67 1483 147 1536 tante
170 1478 306 1537 sextariis
328 1478 420 1538 tribus
444 1486 491 1537 aut
513 1477 619 1555 hysopi
637 1474 776 1536 fasciculo
794 1475 927 1534 medetur
944 1483 974 1534 et
990 1473 1069 1535 sedis

33 1561 164 1637 novitiis,
187 1561 216 1619 in
235 1562 381 1637 sanguinis
404 1560 540 1621 ductione
561 1568 629 1639 post
650 1560 767 1620 excisos
781 1558 925 1635 calculos,
948 1565 979 1619 et
993 1558 1069 1617 omui

66 1642 122 1703 alia
146 1644 220 1703 ioris
242 1646 271 1703 in
292 1662 425 1723 spongea
446 1645 618 1723 inpositum,
643 1645 719 1703 intus
742 1651 841 1721 potum
862 1641 972 1719 cyathis
992 1641 1068 1702 binis

66 1744 150 1805 quam
175 1730 352 1788 acerrimum.
396 1727 600 1805 conglobatum
624 1728 724 1805 utique
749 1728 918 1804 sangninem
939 1725 1064 1786 discutit.
1077 1735 1111 1788 56

66 1818 169 1871 contra
182 1810 312 1872 lichenas
329 1820 359 1872 et
374 1811 484 1872 bibitur
501 1820 531 1871 et
547 1812 701 1890 inponitur.
733 1811 811 1871 sistit
827 1810 921 1870 alvom
937 1818 967 1870 et
983 1809 1068 1869 rheu-

65 1895 216 1954 matismos
237 1897 454 1956 interaneorum
465 1895 606 1972 infusum,
631 1895 701 1954 item
715 1895 897 1973 procidentia
912 1893 990 1954 sedis
1006 1891 1069 1952 vol-

30 1995 189 2056 auraeque.
223 1981 325 2038 tussim
349 1987 481 2040 veterem
505 1978 617 2038 inhibet
638 1987 669 2038 et
690 1980 815 2055 gutturis
838 1977 1068 2052 rheumatismos,

67 2061 295 2140 orthopnoeam,
323 2063 449 2124 dentium
469 2062 730 2122 labefactationem.
764 2063 882 2122 uesicae
903 2068 990 2121 nocet
1004 2078 1069 2120 ner-

66 2162 227 2223 vorumque
255 2147 476 2206 infirmitatibus.
517 2148 651 2206 nesciere
679 2146 782 2205 medici
807 2153 942 2223 quantum
967 2151 1068 2204 contra

66 2229 183 2306 aspidas
203 2229 340 2308 polleret.
374 2248 467 2309 nuper
485 2229 521 2289 ab
546 2229 646 2308 aspide
668 2229 777 2290 calcata
797 2247 953 2308 percussus
976 2236 1069 2288 utrem

67 2313 143 2372 aceti
168 2312 266 2374 lenens
287 2315 422 2391 quotiens
445 2314 633 2391 deposuisset
654 2313 800 2374 sentiebat
816 2315 919 2390 ictum,
943 2311 1013 2372 alias
1028 2313 1069 2370 in-

30 2394 151 2456 aelaeso
170 2397 280 2457 similis.
311 2396 491 2457 intellectum
511 2397 551 2456 ibi
572 2397 728 2457 remedium
746 2406 792 2457 est
808 2405 936 2476 potuque
955 2413 1070 2457 succur-

67 2498 137 2539 sum.
171 2498 265 2557 neque
280 2481 367 2541 aliter
383 2498 416 2540 os
431 2479 569 2541 conluunt
584 2499 696 2541 venena
712 2489 900 2557 exsugentes.
931 2483 960 2540 in
975 2487 1065 2539 totum
1077 2487 1109 2542 et

67 2562 205 2622 domitrix
227 2566 272 2624 vis
295 2563 368 2624 haec
391 2581 448 2624 non
468 2565 598 2624 ciborum
613 2564 699 2624 modo
720 2571 785 2640 est,
812 2581 911 2623 verum
928 2571 958 2622 et
971 2579 1069 2623 rerum

67 2645 268 2723 plurumarum.
314 2665 384 2708 saxa
409 2650 514 2726 rumpit
540 2647 663 2707 inlusum
684 2663 758 2724 quae
783 2663 841 2706 non
862 2646 974 2724 ruperit
992 2647 1068 2722 ignis

67 2730 255 2791 antecedens.
289 2729 372 2792 cibos
394 2731 508 2810 quidem
529 2739 559 2790 et
576 2748 699 2809 sapores
715 2747 774 2789 non
789 2729 861 2790 alius
876 2731 967 2807 magis
984 2747 1068 2790 sucus

32 2813 247 2874 ttcommendat
269 2824 317 2874 aut
338 2817 462 2893 excitat,
487 2817 516 2874 in
539 2833 596 2893 quo
614 2833 667 2874 usu
684 2816 831 2892 mitigatur
847 2821 912 2874 usto
930 2832 1004 2893 pane
1022 2822 1070 2875 aut

67 2914 131 2956 cum
148 2898 234 2975 vino,
254 2899 303 2959 vel
320 2899 487 2960 accenditur
501 2901 604 2979 pipere
620 2917 653 2959 ac
669 2899 783 2976 lasere,
804 2901 903 2977 utique
920 2898 983 2958 sale
1001 2916 1068 2959 con-

66 2982 205 3058 pescitur.
249 2998 307 3042 uon
330 2991 377 3043 est
397 2983 638 3062 praetereundum
657 2985 686 3043 in
709 3001 745 3044 eo
767 2982 929 3061 exemplum
951 2984 1112 3061 ingens,58

67 3064 210 3140 siquidem
230 3063 267 3125 m.
285 3066 418 3146 Agrippa
438 3070 581 3146 supremis
604 3069 665 3127 suis
686 3069 767 3128 annis
790 3065 971 3127 condictatus
987 3067 1068 3144 gravi

66 3147 171 3207 morbo
198 3149 317 3226 pedum,
349 3169 412 3210 cum
434 3151 566 3211 dolorem
589 3170 653 3211 eum
673 3152 789 3230 perpeti
810 3151 960 3228 nequiret,
985 3152 1068 3210 unius

30 3240 57 3282 ³⁵
70 3230 246 3291 medicorum
268 3242 442 3312 portentosa
462 3236 583 3295 scientia
597 3236 750 3312 ignorante
765 3235 833 3295 divo
849 3234 982 3312 Augusto
999 3234 1068 3293 tanti

67 3316 180 3392 putavit
198 3334 251 3376 usn
272 3317 376 3395 pedum
394 3336 539 3396 sensuque
562 3321 637 3379 omni
660 3336 779 3396 carere,
800 3316 952 3378 dummodo
969 3326 999 3377 et
1019 3316 1069 3376 do·

66 3397 132 3458 lore
157 3398 209 3459 illo
230 3409 363 3479 careret,
393 3402 534 3463 demersis
560 3404 590 3462 iu
611 3411 723 3464 acetum
742 3401 864 3463 calidum
887 3401 1017 3460 cruribus
1039 3401 1069 3461 in

66 3483 209 3542 acerrimo
223 3485 333 3564 impetu
348 3485 451 3547 morbi.
