<?xml version="1.0" encoding="UTF-8"?>
<!DOCTYPE html PUBLIC "-//W3C//DTD XHTML 1.0 Transitional//EN"
    "http://www.w3.org/TR/xhtml1/DTD/xhtml1-transitional.dtd">
<html xmlns="http://www.w3.org/1999/xhtml" xml:lang="en" lang="en">
 <head>
  <title>
</title>
<meta http-equiv="Content-Type" content="text/html;charset=utf-8" />
  <meta name='ocr-system' content='tesseract 3.04.00' />
  <meta name='ocr-capabilities' content='ocr_page ocr_carea ocr_par ocr_line ocrx_word'/>
</head>
<body>
  <div class='ocr_page' id='page_1' title='image "./cplinisecundina06plingoog_0219.png"; bbox 0 0 2400 3840; ppageno 0'>
   <div class='ocr_carea' id='block_1_1' title="bbox 128 170 786 239">
    <p class='ocr_par' dir='ltr' id='par_1_1' title="bbox 128 170 786 239">
     <span class='ocr_line' id='line_1_1' title="bbox 128 170 786 239; baseline -0.011 0"><span class='ocrx_word' id='word_1_1' title='bbox 128 170 192 239; x_wconf 76' lang='lat' dir='ltr'><strong>&#39;att</strong></span> <span class='ocrx_word' id='word_1_2' title='bbox 481 183 786 235; x_wconf 53' lang='lat' dir='ltr'><strong>caementatum</strong></span> 
     </span>
    </p>
   </div>
   <div class='ocr_carea' id='block_1_2' title="bbox 89 338 1168 3011">
    <p class='ocr_par' dir='ltr' id='par_1_2' title="bbox 96 338 1154 820">
     <span class='ocr_line' id='line_1_2' title="bbox 96 338 1126 420; baseline -0.002 -17"><span class='ocrx_word' id='word_1_3' title='bbox 96 348 107 361; x_wconf 86' lang='grc'><strong>·’</strong></span> <span class='ocrx_word' id='word_1_4' title='bbox 130 343 180 404; x_wconf 89' lang='lat' dir='ltr'><strong>lita</strong></span> <span class='ocrx_word' id='word_1_5' title='bbox 207 345 235 402; x_wconf 94' lang='lat' dir='ltr'><strong>in</strong></span> <span class='ocrx_word' id='word_1_6' title='bbox 265 341 387 404; x_wconf 87' lang='lat' dir='ltr'><strong>clibanis</strong></span> <span class='ocrx_word' id='word_1_7' title='bbox 415 341 584 415; x_wconf 75' lang='lat' dir='ltr'>calfaciunt,</span> <span class='ocrx_word' id='word_1_8' title='bbox 604 338 724 400; x_wconf 81' lang='lat' dir='ltr'><strong>&#39;deinde</strong></span> <span class='ocrx_word' id='word_1_9' title='bbox 747 345 884 416; x_wconf 86' lang='lat' dir='ltr'><strong>exempto</strong></span> <span class='ocrx_word' id='word_1_10' title='bbox 907 350 1007 405; x_wconf 75' lang='lat' dir='ltr'><strong>sucum</strong></span> <span class='ocrx_word' id='word_1_11' title='bbox 1029 341 1126 420; x_wconf 82' lang='lat' dir='ltr'><strong>expri-</strong></span> 
     </span>
     <span class='ocr_line' id='line_1_3' title="bbox 128 421 1113 501; baseline -0.001 -15"><span class='ocrx_word' id='word_1_12' title='bbox 128 436 207 486; x_wconf 88' lang='lat' dir='ltr'><strong>ronnt</strong></span> <span class='ocrx_word' id='word_1_13' title='bbox 221 425 351 486; x_wconf 86' lang='lat' dir='ltr'><strong>eiusdem</strong></span> <span class='ocrx_word' id='word_1_14' title='bbox 370 427 504 485; x_wconf 88' lang='lat' dir='ltr'><strong>nominis.</strong></span> <span class='ocrx_word' id='word_1_15' title='bbox 536 440 605 483; x_wconf 89' lang='lat' dir='ltr'><strong>usus</strong></span> <span class='ocrx_word' id='word_1_16' title='bbox 624 432 654 483; x_wconf 90' lang='lat' dir='ltr'><strong>et</strong></span> <span class='ocrx_word' id='word_1_17' title='bbox 675 423 737 482; x_wconf 90' lang='lat' dir='ltr'><strong>suci</strong></span> <span class='ocrx_word' id='word_1_18' title='bbox 760 430 790 481; x_wconf 90' lang='lat' dir='ltr'><strong>et</strong></span> <span class='ocrx_word' id='word_1_19' title='bbox 809 421 961 501; x_wconf 83' lang='lat' dir='ltr'><strong>loliorum,</strong></span> <span class='ocrx_word' id='word_1_20' title='bbox 984 425 1009 484; x_wconf 88' lang='lat' dir='ltr'><strong>si</strong></span> <span class='ocrx_word' id='word_1_21' title='bbox 1028 432 1113 485; x_wconf 82' lang='lat' dir='ltr'><strong>toran</strong></span> 
     </span>
     <span class='ocr_line' id='line_1_4' title="bbox 127 505 1127 588; baseline -0.003 -17.991"><span class='ocrx_word' id='word_1_22' title='bbox 127 519 193 585; x_wconf 89' lang='lat' dir='ltr'><strong>·,tnr</strong></span> <span class='ocrx_word' id='word_1_23' title='bbox 215 510 356 571; x_wconf 83' lang='lat' dir='ltr'><strong>adversus</strong></span> <span class='ocrx_word' id='word_1_24' title='bbox 380 508 537 588; x_wconf 80' lang='lat' dir='ltr'><strong>epiphoras</strong></span> <span class='ocrx_word' id='word_1_25' title='bbox 560 524 634 584; x_wconf 90' lang='lat' dir='ltr'><strong>quae</strong></span> <span class='ocrx_word' id='word_1_26' title='bbox 649 508 802 566; x_wconf 83' lang='lat' dir='ltr'><strong>universae</strong></span> <span class='ocrx_word' id='word_1_27' title='bbox 817 523 873 565; x_wconf 94' lang='lat' dir='ltr'><strong>uno</strong></span> <span class='ocrx_word' id='word_1_28' title='bbox 888 506 997 584; x_wconf 88' lang='lat' dir='ltr'><strong>impetu</strong></span> <span class='ocrx_word' id='word_1_29' title='bbox 1012 505 1127 568; x_wconf 89' lang='lat' dir='ltr'><strong>cadunt.</strong></span> 
     </span>
     <span class='ocr_line' id='line_1_5' title="bbox 131 588 1126 687; baseline -0.004 -33"><span class='ocrx_word' id='word_1_30' title='bbox 131 592 198 654; x_wconf 91' lang='lat' dir='ltr'><strong>hinc</strong></span> <span class='ocrx_word' id='word_1_31' title='bbox 218 602 394 672; x_wconf 84' lang='lat' dir='ltr'><strong>temperatur</strong></span> <span class='ocrx_word' id='word_1_32' title='bbox 410 592 562 674; x_wconf 74' lang='lat' dir='ltr'><strong>collyrium</strong></span> <span class='ocrx_word' id='word_1_33' title='bbox 582 589 661 687; x_wconf 92' lang='lat' dir='ltr'><strong>quod</strong></span> <span class='ocrx_word' id='word_1_34' title='bbox 682 588 786 650; x_wconf 85' lang='lat' dir='ltr'><strong>medici</strong></span> <span class='ocrx_word' id='word_1_35' title='bbox 806 588 988 666; x_wconf 71' lang='lat' dir='ltr'><strong>diaplauoion</strong></span> <span class='ocrx_word' id='word_1_36' title='bbox 1008 600 1126 653; x_wconf 86' lang='lat' dir='ltr'><strong>vocant.</strong></span> 
     </span>
     <span class='ocr_line' id='line_1_6' title="bbox 129 673 1154 755; baseline -0.001 -19"><span class='ocrx_word' id='word_1_37' title='bbox 129 676 213 737; x_wconf 90' lang='lat' dir='ltr'><strong>lactis</strong></span> <span class='ocrx_word' id='word_1_38' title='bbox 229 694 345 755; x_wconf 91' lang='lat' dir='ltr'><strong>quoque</strong></span> <span class='ocrx_word' id='word_1_39' title='bbox 358 674 499 735; x_wconf 86' lang='lat' dir='ltr'><strong>ubertas</strong></span> <span class='ocrx_word' id='word_1_40' title='bbox 490 674 653 733; x_wconf 87' lang='lat' dir='ltr'><strong>rutermissa</strong></span> <span class='ocrx_word' id='word_1_41' title='bbox 666 673 833 734; x_wconf 68' lang='lat' dir='ltr'><strong>restituitur.</strong></span> <span class='ocrx_word' id='word_1_42' title='bbox 855 674 973 733; x_wconf 90' lang='lat' dir='ltr'><strong>sumitur</strong></span> <span class='ocrx_word' id='word_1_43' title='bbox 987 673 1070 733; x_wconf 87' lang='lat' dir='ltr'><strong>huius</strong></span> <span class='ocrx_word' id='word_1_44' title='bbox 1083 677 1154 735; x_wconf 77' lang='lat' dir='ltr'><strong>reis</strong></span> 
     </span>
     <span class='ocr_line' id='line_1_7' title="bbox 127 777 373 820; baseline -0.004 0"><span class='ocrx_word' id='word_1_45' title='bbox 127 777 219 820; x_wconf 85' lang='lat' dir='ltr'><strong>cansa</strong></span> <span class='ocrx_word' id='word_1_46' title='bbox 236 777 304 819; x_wconf 85' lang='lat' dir='ltr'><strong>exa</strong></span> <span class='ocrx_word' id='word_1_47' title='bbox 328 777 373 819; x_wconf 90' lang='lat' dir='ltr'><strong>ua.</strong></span> 
     </span>
    </p>

    <p class='ocr_par' dir='ltr' id='par_1_3' title="bbox 92 778 1164 1170">
     <span class='ocr_line' id='line_1_8' title="bbox 92 778 1129 922; baseline -0.004 -17"><span class='ocrx_word' id='word_1_48' title='bbox 92 855 129 909; x_wconf 82' lang='lat'><strong>84</strong></span> <span class='ocrx_word' id='word_1_49' title='bbox 203 843 287 922; x_wconf 87' lang='grc'><strong>(66.)</strong></span> <span class='ocrx_word' id='word_1_50' title='bbox 308 778 484 917; x_wconf 41' lang='grc' dir='ltr'><strong>ί(ἰιιιογιίιιο,</strong></span> <span class='ocrx_word' id='word_1_51' title='bbox 507 858 590 919; x_wconf 90' lang='lat' dir='ltr'><strong>qnam</strong></span> <span class='ocrx_word' id='word_1_52' title='bbox 605 841 693 920; x_wconf 88' lang='lat' dir='ltr'><strong>aliqui</strong></span> <span class='ocrx_word' id='word_1_53' title='bbox 708 839 861 900; x_wconf 79' lang='lat' dir='ltr'><strong>Paeoniam</strong></span> <span class='ocrx_word' id='word_1_54' title='bbox 878 848 925 900; x_wconf 89' lang='lat' dir='ltr'><strong>aut</strong></span> <span class='ocrx_word' id='word_1_55' title='bbox 942 839 1129 918; x_wconf 78' lang='lat' dir='ltr'><strong>pentorobon</strong></span> 
     </span>
     <span class='ocr_line' id='line_1_9' title="bbox 131 922 1129 1000; baseline -0.001 -14"><span class='ocrx_word' id='word_1_56' title='bbox 131 934 252 1000; x_wconf 81' lang='lat' dir='ltr'><strong>vocant,</strong></span> <span class='ocrx_word' id='word_1_57' title='bbox 276 926 387 986; x_wconf 87' lang='lat' dir='ltr'><strong>caulem</strong></span> <span class='ocrx_word' id='word_1_58' title='bbox 400 924 488 985; x_wconf 86' lang='lat' dir='ltr'><strong>habet</strong></span> <span class='ocrx_word' id='word_1_59' title='bbox 502 924 585 984; x_wconf 90' lang='lat' dir='ltr'><strong>duum</strong></span> <span class='ocrx_word' id='word_1_60' title='bbox 602 922 778 999; x_wconf 88' lang='lat' dir='ltr'><strong>cubitorum,</strong></span> <span class='ocrx_word' id='word_1_61' title='bbox 801 922 1001 984; x_wconf 73' lang='lat' dir='ltr'><strong>comitantibus</strong></span> <span class='ocrx_word' id='word_1_62' title='bbox 1016 923 1129 985; x_wconf 89' lang='lat' dir='ltr'><strong>duobus</strong></span> 
     </span>
     <span class='ocr_line' id='line_1_10' title="bbox 127 1007 1129 1087; baseline 0.001 -19"><span class='ocrx_word' id='word_1_63' title='bbox 127 1018 180 1069; x_wconf 89' lang='lat' dir='ltr'><strong>aut</strong></span> <span class='ocrx_word' id='word_1_64' title='bbox 202 1007 309 1084; x_wconf 88' lang='lat' dir='ltr'><strong>tribus,</strong></span> <span class='ocrx_word' id='word_1_65' title='bbox 335 1007 519 1084; x_wconf 89' lang='lat' dir='ltr'><strong>subrutilum,</strong></span> <span class='ocrx_word' id='word_1_66' title='bbox 544 1016 609 1068; x_wconf 88' lang='lat' dir='ltr'><strong>cute</strong></span> <span class='ocrx_word' id='word_1_67' title='bbox 630 1007 718 1085; x_wconf 92' lang='lat' dir='ltr'><strong>lauri,</strong></span> <span class='ocrx_word' id='word_1_68' title='bbox 741 1007 812 1068; x_wconf 85' lang='lat' dir='ltr'><strong>lolia</strong></span> <span class='ocrx_word' id='word_1_69' title='bbox 832 1007 930 1087; x_wconf 90' lang='lat' dir='ltr'><strong>qualia</strong></span> <span class='ocrx_word' id='word_1_70' title='bbox 949 1009 1047 1083; x_wconf 87' lang='lat' dir='ltr'><strong>isatis,</strong></span> <span class='ocrx_word' id='word_1_71' title='bbox 1065 1009 1129 1086; x_wconf 85' lang='lat' dir='ltr'><strong>piu·</strong></span> 
     </span>
     <span class='ocr_line' id='line_1_11' title="bbox 131 1091 1164 1170; baseline 0.002 -20"><span class='ocrx_word' id='word_1_72' title='bbox 131 1094 235 1169; x_wconf 79' lang='lat' dir='ltr'><strong>guiora</strong></span> <span class='ocrx_word' id='word_1_73' title='bbox 258 1091 482 1170; x_wconf 84' lang='lat' dir='ltr'><strong>rotundioraque</strong></span> <span class='ocrx_word' id='word_1_74' title='bbox 505 1101 535 1150; x_wconf 88' lang='lat' dir='ltr'><strong>et</strong></span> <span class='ocrx_word' id='word_1_75' title='bbox 555 1092 681 1166; x_wconf 87' lang='lat' dir='ltr'><strong>minora,</strong></span> <span class='ocrx_word' id='word_1_76' title='bbox 712 1108 811 1152; x_wconf 87' lang='lat' dir='ltr'><strong>semen</strong></span> <span class='ocrx_word' id='word_1_77' title='bbox 839 1093 867 1152; x_wconf 91' lang='lat' dir='ltr'><strong>ln</strong></span> <span class='ocrx_word' id='word_1_78' title='bbox 892 1091 1022 1169; x_wconf 78' lang='lat' dir='ltr'><strong>siliquis,</strong></span> <span class='ocrx_word' id='word_1_79' title='bbox 1053 1091 1164 1155; x_wconf 83' lang='lat' dir='ltr'><strong>aliuduo</strong></span> 
     </span>
    </p>

    <p class='ocr_par' dir='ltr' id='par_1_4' title="bbox 89 1173 1163 1839">
     <span class='ocr_line' id='line_1_12' title="bbox 89 1173 1128 1253; baseline 0 -18"><span class='ocrx_word' id='word_1_80' title='bbox 89 1187 123 1241; x_wconf 83' lang='lat'><strong>85</strong></span> <span class='ocrx_word' id='word_1_81' title='bbox 135 1193 227 1253; x_wconf 75' lang='lat' dir='ltr'><strong>quarm</strong></span> <span class='ocrx_word' id='word_1_82' title='bbox 241 1174 373 1253; x_wconf 87' lang='lat' dir='ltr'><strong>rubente,</strong></span> <span class='ocrx_word' id='word_1_83' title='bbox 389 1174 465 1237; x_wconf 92' lang='lat' dir='ltr'><strong>aliud</strong></span> <span class='ocrx_word' id='word_1_84' title='bbox 480 1177 574 1251; x_wconf 78' lang='lat' dir='ltr'><strong>nigro.</strong></span> <span class='ocrx_word' id='word_1_85' title='bbox 606 1175 663 1235; x_wconf 93' lang='lat' dir='ltr'><strong>duo</strong></span> <span class='ocrx_word' id='word_1_86' title='bbox 685 1183 780 1235; x_wconf 87' lang='lat' dir='ltr'><strong>autem</strong></span> <span class='ocrx_word' id='word_1_87' title='bbox 794 1191 904 1251; x_wconf 75' lang='lat' dir='ltr'><strong>genera</strong></span> <span class='ocrx_word' id='word_1_88' title='bbox 921 1183 999 1234; x_wconf 92' lang='lat' dir='ltr'><strong>sunt:</strong></span> <span class='ocrx_word' id='word_1_89' title='bbox 1023 1173 1128 1235; x_wconf 78' lang='lat' dir='ltr'><strong>femina</strong></span> 
     </span>
     <span class='ocr_line' id='line_1_13' title="bbox 134 1256 1129 1335; baseline -0.002 -15"><span class='ocrx_word' id='word_1_90' title='bbox 134 1261 311 1320; x_wconf 83' lang='lat' dir='ltr'><strong>existimatur</strong></span> <span class='ocrx_word' id='word_1_91' title='bbox 328 1261 409 1318; x_wconf 92' lang='lat' dir='ltr'><strong>cuius</strong></span> <span class='ocrx_word' id='word_1_92' title='bbox 425 1258 571 1319; x_wconf 76' lang='lat' dir='ltr'><strong>radicibus</strong></span> <span class='ocrx_word' id='word_1_93' title='bbox 588 1275 642 1319; x_wconf 91' lang='lat' dir='ltr'><strong>ceu</strong></span> <span class='ocrx_word' id='word_1_94' title='bbox 657 1256 753 1321; x_wconf 93' lang='lat' dir='ltr'><strong>balani</strong></span> <span class='ocrx_word' id='word_1_95' title='bbox 765 1257 914 1335; x_wconf 78' lang='lat' dir='ltr'><strong>longiores</strong></span> <span class='ocrx_word' id='word_1_96' title='bbox 930 1259 1046 1318; x_wconf 87' lang='lat' dir='ltr'><strong>circiter</strong></span> <span class='ocrx_word' id='word_1_97' title='bbox 1060 1268 1129 1319; x_wconf 93' lang='lat' dir='ltr'><strong>octo</strong></span> 
     </span>
     <span class='ocr_line' id='line_1_14' title="bbox 132 1340 1129 1421; baseline 0.001 -19"><span class='ocrx_word' id='word_1_98' title='bbox 132 1352 180 1403; x_wconf 92' lang='lat' dir='ltr'><strong>aut</strong></span> <span class='ocrx_word' id='word_1_99' title='bbox 196 1361 250 1403; x_wconf 86' lang='lat' dir='ltr'><strong>sex</strong></span> <span class='ocrx_word' id='word_1_100' title='bbox 270 1342 437 1403; x_wconf 87' lang='lat' dir='ltr'><strong>adhaerent.</strong></span> <span class='ocrx_word' id='word_1_101' title='bbox 468 1359 529 1403; x_wconf 88' lang='lat' dir='ltr'><strong>uras</strong></span> <span class='ocrx_word' id='word_1_102' title='bbox 551 1341 641 1421; x_wconf 92' lang='lat' dir='ltr'><strong>pluris</strong></span> <span class='ocrx_word' id='word_1_103' title='bbox 659 1340 834 1416; x_wconf 89' lang='lat' dir='ltr'><strong>nonhabet,</strong></span> <span class='ocrx_word' id='word_1_104' title='bbox 856 1343 990 1418; x_wconf 89' lang='lat' dir='ltr'><strong>quoniam</strong></span> <span class='ocrx_word' id='word_1_105' title='bbox 1013 1359 1070 1401; x_wconf 87' lang='lat' dir='ltr'><strong>una</strong></span> <span class='ocrx_word' id='word_1_106' title='bbox 1084 1359 1129 1403; x_wconf 86' lang='lat' dir='ltr'><strong>ra-</strong></span> 
     </span>
     <span class='ocr_line' id='line_1_15' title="bbox 132 1425 1129 1506; baseline -0.001 -20"><span class='ocrx_word' id='word_1_107' title='bbox 132 1427 292 1487; x_wconf 84' lang='lat' dir='ltr'><strong>dicenixns</strong></span> <span class='ocrx_word' id='word_1_108' title='bbox 304 1434 349 1486; x_wconf 89' lang='lat' dir='ltr'><strong>est</strong></span> <span class='ocrx_word' id='word_1_109' title='bbox 361 1426 446 1506; x_wconf 90' lang='lat' dir='ltr'><strong>palmi</strong></span> <span class='ocrx_word' id='word_1_110' title='bbox 466 1425 632 1500; x_wconf 86' lang='lat' dir='ltr'><strong>altitudine,</strong></span> <span class='ocrx_word' id='word_1_111' title='bbox 652 1425 789 1499; x_wconf 89' lang='lat' dir='ltr'><strong>candida,</strong></span> <span class='ocrx_word' id='word_1_112' title='bbox 813 1442 887 1502; x_wconf 91' lang='lat' dir='ltr'><strong>qnae</strong></span> <span class='ocrx_word' id='word_1_113' title='bbox 905 1434 990 1503; x_wconf 76' lang='lat' dir='ltr'><strong>gustu</strong></span> <span class='ocrx_word' id='word_1_114' title='bbox 1009 1425 1129 1485; x_wconf 76' lang='lat' dir='ltr'><strong>adstrin-</strong></span> 
     </span>
     <span class='ocr_line' id='line_1_16' title="bbox 131 1508 1163 1588; baseline -0.002 -20"><span class='ocrx_word' id='word_1_115' title='bbox 131 1511 182 1588; x_wconf 81' lang='lat' dir='ltr'><strong>git.</strong></span> <span class='ocrx_word' id='word_1_116' title='bbox 214 1511 337 1570; x_wconf 83' lang='lat' dir='ltr'><strong>feminae</strong></span> <span class='ocrx_word' id='word_1_117' title='bbox 352 1510 423 1570; x_wconf 83' lang='lat' dir='ltr'><strong>lolia</strong></span> <span class='ocrx_word' id='word_1_118' title='bbox 437 1525 559 1568; x_wconf 89' lang='lat' dir='ltr'><strong>murram</strong></span> <span class='ocrx_word' id='word_1_119' title='bbox 571 1508 705 1568; x_wconf 89' lang='lat' dir='ltr'><strong>redolent</strong></span> <span class='ocrx_word' id='word_1_120' title='bbox 718 1517 748 1568; x_wconf 92' lang='lat' dir='ltr'><strong>et</strong></span> <span class='ocrx_word' id='word_1_121' title='bbox 760 1509 895 1569; x_wconf 89' lang='lat' dir='ltr'><strong>densiora</strong></span> <span class='ocrx_word' id='word_1_122' title='bbox 911 1515 985 1568; x_wconf 92' lang='lat' dir='ltr'><strong>sunt.</strong></span> <span class='ocrx_word' id='word_1_123' title='bbox 1006 1524 1163 1571; x_wconf 80' lang='lat' dir='ltr'><strong>nasoon-su</strong></span> 
     </span>
     <span class='ocr_line' id='line_1_17' title="bbox 131 1590 1131 1671; baseline 0.001 -19"><span class='ocrx_word' id='word_1_124' title='bbox 131 1601 178 1652; x_wconf 93' lang='lat' dir='ltr'><strong>tur</strong></span> <span class='ocrx_word' id='word_1_125' title='bbox 193 1595 222 1652; x_wconf 92' lang='lat' dir='ltr'><strong>in</strong></span> <span class='ocrx_word' id='word_1_126' title='bbox 236 1593 326 1652; x_wconf 91' lang='lat' dir='ltr'><strong>silvis.</strong></span> <span class='ocrx_word' id='word_1_127' title='bbox 356 1592 469 1653; x_wconf 87' lang='lat' dir='ltr'><strong>tradunt</strong></span> <span class='ocrx_word' id='word_1_128' title='bbox 483 1600 570 1651; x_wconf 91' lang='lat' dir='ltr'><strong>nocte</strong></span> <span class='ocrx_word' id='word_1_129' title='bbox 586 1590 776 1667; x_wconf 76' lang='lat' dir='ltr'><strong>effodiendas,</strong></span> <span class='ocrx_word' id='word_1_130' title='bbox 792 1593 925 1670; x_wconf 88' lang='lat' dir='ltr'><strong>quoniam</strong></span> <span class='ocrx_word' id='word_1_131' title='bbox 939 1591 1062 1654; x_wconf 83' lang='lat' dir='ltr'><strong>interdiu</strong></span> <span class='ocrx_word' id='word_1_132' title='bbox 1078 1611 1131 1671; x_wconf 76' lang='lat' dir='ltr'><strong>pc-</strong></span> 
     </span>
     <span class='ocr_line' id='line_1_18' title="bbox 132 1676 1132 1754; baseline 0.002 -20"><span class='ocrx_word' id='word_1_133' title='bbox 132 1676 288 1736; x_wconf 88' lang='lat' dir='ltr'><strong>riculosnm</strong></span> <span class='ocrx_word' id='word_1_134' title='bbox 304 1676 342 1734; x_wconf 91' lang='lat' dir='ltr'><strong>sit</strong></span> <span class='ocrx_word' id='word_1_135' title='bbox 356 1677 423 1753; x_wconf 90' lang='lat' dir='ltr'><strong>pico</strong></span> <span class='ocrx_word' id='word_1_136' title='bbox 439 1676 542 1736; x_wconf 86' lang='lat' dir='ltr'><strong>blartio</strong></span> <span class='ocrx_word' id='word_1_137' title='bbox 559 1676 694 1754; x_wconf 88' lang='lat' dir='ltr'><strong>impetum</strong></span> <span class='ocrx_word' id='word_1_138' title='bbox 708 1676 736 1734; x_wconf 94' lang='lat' dir='ltr'><strong>in</strong></span> <span class='ocrx_word' id='word_1_139' title='bbox 752 1676 854 1736; x_wconf 93' lang='lat' dir='ltr'><strong>oculos</strong></span> <span class='ocrx_word' id='word_1_140' title='bbox 877 1676 1017 1749; x_wconf 82' lang='lat' dir='ltr'><strong>faciente,</strong></span> <span class='ocrx_word' id='word_1_141' title='bbox 1049 1676 1132 1736; x_wconf 83' lang='lat' dir='ltr'><strong>radin</strong></span> 
     </span>
     <span class='ocr_line' id='line_1_19' title="bbox 132 1757 1132 1839; baseline 0.003 -22"><span class='ocrx_word' id='word_1_142' title='bbox 132 1775 204 1817; x_wconf 86' lang='lat' dir='ltr'><strong>vero</strong></span> <span class='ocrx_word' id='word_1_143' title='bbox 217 1776 280 1818; x_wconf 89' lang='lat' dir='ltr'><strong>curn</strong></span> <span class='ocrx_word' id='word_1_144' title='bbox 295 1759 457 1835; x_wconf 77' lang='lat' dir='ltr'><strong>effodiatur,</strong></span> <span class='ocrx_word' id='word_1_145' title='bbox 472 1759 632 1837; x_wconf 89' lang='lat' dir='ltr'><strong>pericnlum</strong></span> <span class='ocrx_word' id='word_1_146' title='bbox 647 1776 714 1818; x_wconf 88' lang='lat' dir='ltr'><strong>esse</strong></span> <span class='ocrx_word' id='word_1_147' title='bbox 725 1777 762 1820; x_wconf 89' lang='lat' dir='ltr'><strong>ne</strong></span> <span class='ocrx_word' id='word_1_148' title='bbox 772 1757 861 1821; x_wconf 85' lang='lat' dir='ltr'><strong>sedes</strong></span> <span class='ocrx_word' id='word_1_149' title='bbox 871 1758 1013 1839; x_wconf 91' lang='lat' dir='ltr'><strong>procidat,</strong></span> <span class='ocrx_word' id='word_1_150' title='bbox 1027 1776 1132 1836; x_wconf 81' lang='lat' dir='ltr'><strong>magna</strong></span> 
     </span>
    </p>

    <p class='ocr_par' dir='ltr' id='par_1_5' title="bbox 89 1841 1166 2425">
     <span class='ocr_line' id='line_1_20' title="bbox 89 1841 1132 1907; baseline -0.004 0"><span class='ocrx_word' id='word_1_151' title='bbox 89 1851 125 1907; x_wconf 85' lang='grc'><strong>86</strong></span> <span class='ocrx_word' id='word_1_152' title='bbox 136 1842 262 1902; x_wconf 85' lang='lat' dir='ltr'><strong>vanitate</strong></span> <span class='ocrx_word' id='word_1_153' title='bbox 280 1841 316 1901; x_wconf 93' lang='lat' dir='ltr'><strong>ad</strong></span> <span class='ocrx_word' id='word_1_154' title='bbox 333 1844 554 1902; x_wconf 87' lang='lat' dir='ltr'><strong>ostentationem</strong></span> <span class='ocrx_word' id='word_1_155' title='bbox 568 1843 613 1902; x_wconf 95' lang='lat' dir='ltr'><strong>rei</strong></span> <span class='ocrx_word' id='word_1_156' title='bbox 627 1843 722 1902; x_wconf 87' lang='lat' dir='ltr'><strong>lictum</strong></span> <span class='ocrx_word' id='word_1_157' title='bbox 738 1842 869 1903; x_wconf 89' lang='lat' dir='ltr'><strong>arbitror.</strong></span> <span class='ocrx_word' id='word_1_158' title='bbox 898 1861 967 1902; x_wconf 90' lang='lat' dir='ltr'><strong>usus</strong></span> <span class='ocrx_word' id='word_1_159' title='bbox 983 1842 1013 1901; x_wconf 92' lang='lat' dir='ltr'><strong>in</strong></span> <span class='ocrx_word' id='word_1_160' title='bbox 1028 1842 1073 1904; x_wconf 92' lang='lat' dir='ltr'><strong>his</strong></span> <span class='ocrx_word' id='word_1_161' title='bbox 1090 1843 1132 1903; x_wconf 90' lang='lat' dir='ltr'><strong>di·</strong></span> 
     </span>
     <span class='ocr_line' id='line_1_21' title="bbox 133 1924 1166 2005; baseline 0.006 -21"><span class='ocrx_word' id='word_1_162' title='bbox 133 1943 246 1985; x_wconf 81' lang='lat' dir='ltr'><strong>versus.</strong></span> <span class='ocrx_word' id='word_1_163' title='bbox 276 1924 363 1987; x_wconf 91' lang='lat' dir='ltr'><strong>rubra</strong></span> <span class='ocrx_word' id='word_1_164' title='bbox 383 1943 474 2004; x_wconf 80' lang='lat' dir='ltr'><strong>grana</strong></span> <span class='ocrx_word' id='word_1_165' title='bbox 497 1924 626 1987; x_wconf 89' lang='lat' dir='ltr'><strong>rubentis</strong></span> <span class='ocrx_word' id='word_1_166' title='bbox 647 1942 763 1986; x_wconf 87' lang='lat' dir='ltr'><strong>menses</strong></span> <span class='ocrx_word' id='word_1_167' title='bbox 785 1927 887 1986; x_wconf 88' lang='lat' dir='ltr'><strong>sistunt</strong></span> <span class='ocrx_word' id='word_1_168' title='bbox 900 1926 955 1988; x_wconf 81' lang='lat' dir='ltr'><strong>XV</strong></span> <span class='ocrx_word' id='word_1_169' title='bbox 976 1925 1041 1986; x_wconf 80' lang='lat' dir='ltr'><strong>lere</strong></span> <span class='ocrx_word' id='word_1_170' title='bbox 1061 1934 1166 2005; x_wconf 76' lang='lat' dir='ltr'><strong>potato</strong></span> 
     </span>
     <span class='ocr_line' id='line_1_22' title="bbox 133 2007 1131 2087; baseline 0.002 -19"><span class='ocrx_word' id='word_1_171' title='bbox 133 2010 160 2069; x_wconf 92' lang='lat' dir='ltr'><strong>in</strong></span> <span class='ocrx_word' id='word_1_172' title='bbox 175 2012 241 2070; x_wconf 86' lang='lat' dir='ltr'><strong>vino</strong></span> <span class='ocrx_word' id='word_1_173' title='bbox 253 2011 346 2087; x_wconf 80' lang='lat' dir='ltr'><strong>nigro.</strong></span> <span class='ocrx_word' id='word_1_174' title='bbox 373 2012 454 2087; x_wconf 83' lang='lat' dir='ltr'><strong>nigra</strong></span> <span class='ocrx_word' id='word_1_175' title='bbox 470 2027 559 2087; x_wconf 82' lang='lat' dir='ltr'><strong>grana</strong></span> <span class='ocrx_word' id='word_1_176' title='bbox 574 2009 671 2070; x_wconf 87' lang='lat' dir='ltr'><strong>volvis</strong></span> <span class='ocrx_word' id='word_1_177' title='bbox 685 2007 835 2069; x_wconf 89' lang='lat' dir='ltr'><strong>medentur</strong></span> <span class='ocrx_word' id='word_1_178' title='bbox 846 2028 885 2070; x_wconf 87' lang='lat' dir='ltr'><strong>ex</strong></span> <span class='ocrx_word' id='word_1_179' title='bbox 899 2026 988 2087; x_wconf 91' lang='lat' dir='ltr'><strong>passo</strong></span> <span class='ocrx_word' id='word_1_180' title='bbox 1003 2009 1131 2071; x_wconf 77' lang='lat' dir='ltr'><strong>sutrino</strong></span> 
     </span>
     <span class='ocr_line' id='line_1_23' title="bbox 133 2091 1131 2172; baseline 0 -19"><span class='ocrx_word' id='word_1_181' title='bbox 133 2094 252 2154; x_wconf 86' lang='lat' dir='ltr'><strong>totidem</strong></span> <span class='ocrx_word' id='word_1_182' title='bbox 268 2103 347 2172; x_wconf 89' lang='lat' dir='ltr'><strong>pota.</strong></span> <span class='ocrx_word' id='word_1_183' title='bbox 378 2092 460 2153; x_wconf 84' lang='lat' dir='ltr'><strong>radin</strong></span> <span class='ocrx_word' id='word_1_184' title='bbox 475 2093 567 2153; x_wconf 91' lang='lat' dir='ltr'><strong>omnis</strong></span> <span class='ocrx_word' id='word_1_185' title='bbox 584 2094 694 2152; x_wconf 79' lang='lat' dir='ltr'><strong>ventris</strong></span> <span class='ocrx_word' id='word_1_186' title='bbox 716 2091 835 2152; x_wconf 86' lang='lat' dir='ltr'><strong>dolores</strong></span> <span class='ocrx_word' id='word_1_187' title='bbox 850 2093 934 2154; x_wconf 88' lang='lat' dir='ltr'><strong>sedat</strong></span> <span class='ocrx_word' id='word_1_188' title='bbox 955 2094 983 2152; x_wconf 93' lang='lat' dir='ltr'><strong>in</strong></span> <span class='ocrx_word' id='word_1_189' title='bbox 1002 2095 1070 2154; x_wconf 87' lang='lat' dir='ltr'><strong>vino</strong></span> <span class='ocrx_word' id='word_1_190' title='bbox 1089 2092 1131 2153; x_wconf 90' lang='lat' dir='ltr'><strong>al-</strong></span> 
     </span>
     <span class='ocr_line' id='line_1_24' title="bbox 133 2175 1132 2254; baseline 0.004 -19"><span class='ocrx_word' id='word_1_191' title='bbox 133 2192 258 2254; x_wconf 86' lang='lat' dir='ltr'><strong>romque</strong></span> <span class='ocrx_word' id='word_1_192' title='bbox 270 2185 389 2254; x_wconf 76' lang='lat' dir='ltr'><strong>purgat,</strong></span> <span class='ocrx_word' id='word_1_193' title='bbox 411 2185 493 2236; x_wconf 88' lang='lat' dir='ltr'><strong>sanat</strong></span> <span class='ocrx_word' id='word_1_194' title='bbox 507 2176 738 2254; x_wconf 84' lang='lat' dir='ltr'><strong>opisthotonum,</strong></span> <span class='ocrx_word' id='word_1_195' title='bbox 757 2175 886 2236; x_wconf 91' lang='lat' dir='ltr'><strong>morbum</strong></span> <span class='ocrx_word' id='word_1_196' title='bbox 901 2177 1025 2253; x_wconf 75' lang='lat' dir='ltr'><strong>regium,</strong></span> <span class='ocrx_word' id='word_1_197' title='bbox 1040 2177 1132 2253; x_wconf 69' lang='lat' dir='ltr'><strong>reeb,</strong></span> 
     </span>
     <span class='ocr_line' id='line_1_25' title="bbox 134 2257 1131 2336; baseline 0.003 -18"><span class='ocrx_word' id='word_1_198' title='bbox 134 2260 279 2335; x_wconf 82' lang='lat' dir='ltr'><strong>vesicam,</strong></span> <span class='ocrx_word' id='word_1_199' title='bbox 299 2261 432 2320; x_wconf 90' lang='lat' dir='ltr'><strong>arteriam</strong></span> <span class='ocrx_word' id='word_1_200' title='bbox 453 2257 592 2320; x_wconf 81' lang='lat' dir='ltr'><strong>autemst</strong></span> <span class='ocrx_word' id='word_1_201' title='bbox 610 2258 786 2320; x_wconf 85' lang='lat' dir='ltr'><strong>stomachum</strong></span> <span class='ocrx_word' id='word_1_202' title='bbox 804 2259 927 2320; x_wconf 87' lang='lat' dir='ltr'><strong>decocta</strong></span> <span class='ocrx_word' id='word_1_203' title='bbox 951 2262 979 2320; x_wconf 93' lang='lat' dir='ltr'><strong>in</strong></span> <span class='ocrx_word' id='word_1_204' title='bbox 993 2261 1073 2336; x_wconf 81' lang='lat' dir='ltr'><strong>uino,</strong></span> <span class='ocrx_word' id='word_1_205' title='bbox 1089 2259 1131 2321; x_wconf 92' lang='lat' dir='ltr'><strong>al·</strong></span> 
     </span>
     <span class='ocr_line' id='line_1_26' title="bbox 132 2341 1165 2425; baseline 0.004 -24"><span class='ocrx_word' id='word_1_206' title='bbox 132 2359 258 2420; x_wconf 75' lang='lat' dir='ltr'><strong>nomque</strong></span> <span class='ocrx_word' id='word_1_207' title='bbox 270 2343 353 2402; x_wconf 87' lang='lat' dir='ltr'><strong>sistit.</strong></span> <span class='ocrx_word' id='word_1_208' title='bbox 377 2351 457 2402; x_wconf 86' lang='lat' dir='ltr'><strong>estur</strong></span> <span class='ocrx_word' id='word_1_209' title='bbox 473 2344 558 2404; x_wconf 90' lang='lat' dir='ltr'><strong>etiam</strong></span> <span class='ocrx_word' id='word_1_210' title='bbox 571 2343 601 2403; x_wconf 92' lang='lat' dir='ltr'><strong>in</strong></span> <span class='ocrx_word' id='word_1_211' title='bbox 612 2341 766 2420; x_wconf 84' lang='lat' dir='ltr'><strong>alimentis,</strong></span> <span class='ocrx_word' id='word_1_212' title='bbox 784 2342 880 2404; x_wconf 90' lang='lat' dir='ltr'><strong>sedin</strong></span> <span class='ocrx_word' id='word_1_213' title='bbox 890 2342 1033 2409; x_wconf 87' lang='lat' dir='ltr'><strong>medendo</strong></span> <span class='ocrx_word' id='word_1_214' title='bbox 1050 2352 1165 2425; x_wconf 81' lang='lat' dir='ltr'><strong>quat-tt</strong></span> 
     </span>
    </p>

    <p class='ocr_par' dir='ltr' id='par_1_6' title="bbox 90 2425 1168 2923">
     <span class='ocr_line' id='line_1_27' title="bbox 90 2425 1131 2507; baseline -0.002 -17"><span class='ocrx_word' id='word_1_215' title='bbox 90 2435 124 2492; x_wconf 81' lang='lat' dir='ltr'><strong>et</strong></span> <span class='ocrx_word' id='word_1_216' title='bbox 136 2435 201 2487; x_wconf 88' lang='lat' dir='ltr'><strong>tuor</strong></span> <span class='ocrx_word' id='word_1_217' title='bbox 215 2425 370 2487; x_wconf 87' lang='lat' dir='ltr'><strong>drachmae</strong></span> <span class='ocrx_word' id='word_1_218' title='bbox 385 2427 454 2488; x_wconf 89' lang='lat' dir='ltr'><strong>satis</strong></span> <span class='ocrx_word' id='word_1_219' title='bbox 469 2436 544 2488; x_wconf 91' lang='lat' dir='ltr'><strong>sunt.</strong></span> <span class='ocrx_word' id='word_1_220' title='bbox 565 2445 655 2504; x_wconf 78' lang='lat' dir='ltr'><strong>grana</strong></span> <span class='ocrx_word' id='word_1_221' title='bbox 671 2427 751 2504; x_wconf 77' lang='lat' dir='ltr'><strong>niqra</strong></span> <span class='ocrx_word' id='word_1_222' title='bbox 762 2427 933 2489; x_wconf 79' lang='lat' dir='ltr'><strong>auxiliantur</strong></span> <span class='ocrx_word' id='word_1_223' title='bbox 948 2436 978 2488; x_wconf 92' lang='lat' dir='ltr'><strong>et</strong></span> <span class='ocrx_word' id='word_1_224' title='bbox 992 2445 1131 2507; x_wconf 77' lang='lat' dir='ltr'><strong>suppres</strong></span> 
     </span>
     <span class='ocr_line' id='line_1_28' title="bbox 134 2509 1168 2589; baseline 0.003 -20"><span class='ocrx_word' id='word_1_225' title='bbox 134 2509 263 2570; x_wconf 90' lang='lat' dir='ltr'><strong>sionibus</strong></span> <span class='ocrx_word' id='word_1_226' title='bbox 292 2512 440 2572; x_wconf 82' lang='lat' dir='ltr'><strong>nocturnis</strong></span> <span class='ocrx_word' id='word_1_227' title='bbox 469 2510 498 2570; x_wconf 94' lang='lat' dir='ltr'><strong>in</strong></span> <span class='ocrx_word' id='word_1_228' title='bbox 526 2512 592 2571; x_wconf 86' lang='lat' dir='ltr'><strong>vino</strong></span> <span class='ocrx_word' id='word_1_229' title='bbox 622 2520 691 2588; x_wconf 91' lang='lat' dir='ltr'><strong>pota</strong></span> <span class='ocrx_word' id='word_1_230' title='bbox 723 2527 781 2589; x_wconf 92' lang='lat' dir='ltr'><strong>qno</strong></span> <span class='ocrx_word' id='word_1_231' title='bbox 804 2509 908 2572; x_wconf 89' lang='lat' dir='ltr'><strong>dictum</strong></span> <span class='ocrx_word' id='word_1_232' title='bbox 937 2519 983 2570; x_wconf 90' lang='lat' dir='ltr'><strong>est</strong></span> <span class='ocrx_word' id='word_1_233' title='bbox 1001 2528 1132 2588; x_wconf 89' lang='lat' dir='ltr'><strong>nurnero,</strong></span> <span class='ocrx_word' id='word_1_234' title='bbox 1166 2578 1168 2583; x_wconf 60' lang='grc'>,</span> 
     </span>
     <span class='ocr_line' id='line_1_29' title="bbox 135 2593 1130 2674; baseline 0.004 -21"><span class='ocrx_word' id='word_1_235' title='bbox 135 2593 317 2654; x_wconf 86' lang='lat' dir='ltr'><strong>stomachicis</strong></span> <span class='ocrx_word' id='word_1_236' title='bbox 333 2612 404 2654; x_wconf 91' lang='lat' dir='ltr'><strong>vero</strong></span> <span class='ocrx_word' id='word_1_237' title='bbox 422 2604 451 2654; x_wconf 86' lang='lat' dir='ltr'><strong>et</strong></span> <span class='ocrx_word' id='word_1_238' title='bbox 468 2594 632 2656; x_wconf 87' lang='lat' dir='ltr'><strong>rosionibus</strong></span> <span class='ocrx_word' id='word_1_239' title='bbox 649 2605 677 2655; x_wconf 90' lang='lat' dir='ltr'><strong>et</strong></span> <span class='ocrx_word' id='word_1_240' title='bbox 689 2612 756 2655; x_wconf 86' lang='lat' dir='ltr'><strong>esse</strong></span> <span class='ocrx_word' id='word_1_241' title='bbox 771 2611 806 2654; x_wconf 92' lang='lat' dir='ltr'><strong>ea</strong></span> <span class='ocrx_word' id='word_1_242' title='bbox 821 2604 850 2654; x_wconf 90' lang='lat' dir='ltr'><strong>et</strong></span> <span class='ocrx_word' id='word_1_243' title='bbox 862 2595 984 2655; x_wconf 88' lang='lat' dir='ltr'><strong>inlinere</strong></span> <span class='ocrx_word' id='word_1_244' title='bbox 1000 2595 1130 2674; x_wconf 87' lang='lat' dir='ltr'><strong>prodest.</strong></span> 
     </span>
     <span class='ocr_line' id='line_1_30' title="bbox 134 2677 1131 2756; baseline 0.003 -21"><span class='ocrx_word' id='word_1_245' title='bbox 134 2678 358 2755; x_wconf 86' lang='lat' dir='ltr'><strong>suppurationes</strong></span> <span class='ocrx_word' id='word_1_246' title='bbox 381 2695 498 2756; x_wconf 90' lang='lat' dir='ltr'><strong>quoque</strong></span> <span class='ocrx_word' id='word_1_247' title='bbox 519 2677 723 2753; x_wconf 89' lang='lat' dir='ltr'><strong>discutiuntur,</strong></span> <span class='ocrx_word' id='word_1_248' title='bbox 750 2687 886 2739; x_wconf 86' lang='lat' dir='ltr'><strong>recentes</strong></span> <span class='ocrx_word' id='word_1_249' title='bbox 907 2681 992 2755; x_wconf 79' lang='lat' dir='ltr'><strong>nigro</strong></span> <span class='ocrx_word' id='word_1_250' title='bbox 1009 2679 1131 2756; x_wconf 88' lang='lat' dir='ltr'><strong>semine,</strong></span> 
     </span>
     <span class='ocr_line' id='line_1_31' title="bbox 134 2760 1165 2859; baseline 0.002 -40"><span class='ocrx_word' id='word_1_251' title='bbox 134 2768 250 2819; x_wconf 83' lang='lat' dir='ltr'><strong>veteres</strong></span> <span class='ocrx_word' id='word_1_252' title='bbox 267 2760 365 2821; x_wconf 92' lang='lat' dir='ltr'><strong>rubro.</strong></span> <span class='ocrx_word' id='word_1_253' title='bbox 397 2771 546 2859; x_wconf 80' lang='lat' dir='ltr'><strong>utrumqqe</strong></span> <span class='ocrx_word' id='word_1_254' title='bbox 566 2761 718 2821; x_wconf 82' lang='lat' dir='ltr'><strong>auxiliatur</strong></span> <span class='ocrx_word' id='word_1_255' title='bbox 736 2778 753 2820; x_wconf 92' lang='lat' dir='ltr'><strong>a</strong></span> <span class='ocrx_word' id='word_1_256' title='bbox 771 2772 909 2841; x_wconf 86' lang='lat' dir='ltr'><strong>serpente</strong></span> <span class='ocrx_word' id='word_1_257' title='bbox 930 2763 1079 2841; x_wconf 82' lang='lat' dir='ltr'><strong>percussis</strong></span> <span class='ocrx_word' id='word_1_258' title='bbox 1101 2770 1165 2823; x_wconf 75' lang='lat' dir='ltr'><strong>ets</strong></span> 
     </span>
     <span class='ocr_line' id='line_1_32' title="bbox 92 2844 854 2990; baseline 0.007 -89.296"><span class='ocrx_word' id='word_1_259' title='bbox 92 2844 234 2990; x_wconf 75' lang='lat' dir='ltr'><strong>88pneris</strong></span> <span class='ocrx_word' id='word_1_260' title='bbox 249 2853 349 2903; x_wconf 90' lang='lat' dir='ltr'><strong>contra</strong></span> <span class='ocrx_word' id='word_1_261' title='bbox 363 2844 493 2904; x_wconf 92' lang='lat' dir='ltr'><strong>calculos</strong></span> <span class='ocrx_word' id='word_1_262' title='bbox 510 2845 667 2923; x_wconf 87' lang='lat' dir='ltr'><strong>incipiente</strong></span> <span class='ocrx_word' id='word_1_263' title='bbox 682 2847 854 2920; x_wconf 80' lang='lat' dir='ltr'><strong>stranguria</strong></span> 
     </span>
    </p>

    <p class='ocr_par' dir='ltr' id='par_1_7' title="bbox 92 2925 1133 3011">
     <span class='ocr_line' id='line_1_33' title="bbox 92 2925 1133 3011; baseline 0.005 -27.579"><span class='ocrx_word' id='word_1_264' title='bbox 92 2925 267 3002; x_wconf 89' lang='grc'><strong>(61.</strong></span> <span class='ocrx_word' id='word_1_265' title='bbox 270 2928 285 3004; x_wconf 90' lang='grc'>)</span> <span class='ocrx_word' id='word_1_266' title='bbox 309 2925 496 3004; x_wconf 86' lang='lat' dir='ltr'><strong>Gnaphalium</strong></span> <span class='ocrx_word' id='word_1_267' title='bbox 511 2927 597 3005; x_wconf 82' lang='lat' dir='ltr'><strong>aliqui</strong></span> <span class='ocrx_word' id='word_1_268' title='bbox 609 2925 814 2988; x_wconf 76' lang='lat' dir='ltr'><strong>chamaezelon</strong></span> <span class='ocrx_word' id='word_1_269' title='bbox 825 2940 941 3011; x_wconf 81' lang='lat' dir='ltr'><strong>vocant,</strong></span> <span class='ocrx_word' id='word_1_270' title='bbox 956 2930 1037 2990; x_wconf 90' lang='lat' dir='ltr'><strong>ouius</strong></span> <span class='ocrx_word' id='word_1_271' title='bbox 1053 2926 1133 2990; x_wconf 79' lang='lat' dir='ltr'><strong>loliis</strong></span> 
     </span>
    </p>
   </div>
   <div class='ocr_carea' id='block_1_3' title="bbox 92 3007 1192 3511">
    <p class='ocr_par' dir='ltr' id='par_1_8' title="bbox 92 3007 1192 3511">
     <span class='ocr_line' id='line_1_34' title="bbox 136 3007 1132 3108; baseline 0.006 -39"><span class='ocrx_word' id='word_1_272' title='bbox 136 3007 210 3069; x_wconf 89' lang='lat' dir='ltr'><strong>albis</strong></span> <span class='ocrx_word' id='word_1_273' title='bbox 231 3008 425 3108; x_wconf 84' lang='lat' dir='ltr'><strong>mollibusque</strong></span> <span class='ocrx_word' id='word_1_274' title='bbox 443 3026 497 3088; x_wconf 94' lang='lat' dir='ltr'><strong>pro</strong></span> <span class='ocrx_word' id='word_1_275' title='bbox 512 3018 639 3071; x_wconf 91' lang='lat' dir='ltr'><strong>tomento</strong></span> <span class='ocrx_word' id='word_1_276' title='bbox 654 3020 784 3089; x_wconf 91' lang='lat' dir='ltr'><strong>utuntur,</strong></span> <span class='ocrx_word' id='word_1_277' title='bbox 801 3032 872 3075; x_wconf 93' lang='lat' dir='ltr'><strong>sane</strong></span> <span class='ocrx_word' id='word_1_278' title='bbox 891 3024 922 3075; x_wconf 91' lang='lat' dir='ltr'><strong>et</strong></span> <span class='ocrx_word' id='word_1_279' title='bbox 940 3013 1042 3075; x_wconf 80' lang='lat' dir='ltr'><strong>similia</strong></span> <span class='ocrx_word' id='word_1_280' title='bbox 1057 3022 1132 3075; x_wconf 89' lang='lat' dir='ltr'><strong>sunt.</strong></span> 
     </span>
     <span class='ocr_line' id='line_1_35' title="bbox 136 3093 1133 3171; baseline 0.005 -18"><span class='ocrx_word' id='word_1_281' title='bbox 136 3094 240 3155; x_wconf 90' lang='lat' dir='ltr'><strong>datur</strong></span> <span class='ocrx_word' id='word_1_282' title='bbox 232 3112 261 3152; x_wconf 91' lang='lat' dir='ltr'><strong>ru</strong></span> <span class='ocrx_word' id='word_1_283' title='bbox 275 3093 341 3152; x_wconf 91' lang='lat' dir='ltr'><strong>vino</strong></span> <span class='ocrx_word' id='word_1_284' title='bbox 358 3101 475 3154; x_wconf 86' lang='lat' dir='ltr'><strong>austero</strong></span> <span class='ocrx_word' id='word_1_285' title='bbox 491 3093 526 3152; x_wconf 93' lang='lat' dir='ltr'><strong>ad</strong></span> <span class='ocrx_word' id='word_1_286' title='bbox 544 3094 738 3171; x_wconf 80' lang='lat' dir='ltr'><strong>dysinteriam,</strong></span> <span class='ocrx_word' id='word_1_287' title='bbox 756 3100 864 3158; x_wconf 82' lang='lat' dir='ltr'><strong>ventris</strong></span> <span class='ocrx_word' id='word_1_288' title='bbox 878 3099 1040 3159; x_wconf 88' lang='lat' dir='ltr'><strong>solutiones</strong></span> <span class='ocrx_word' id='word_1_289' title='bbox 1055 3114 1133 3158; x_wconf 88' lang='lat' dir='ltr'><strong>men-</strong></span> 
     </span>
     <span class='ocr_line' id='line_1_36' title="bbox 135 3177 1192 3287; baseline 0.002 -50"><span class='ocrx_word' id='word_1_290' title='bbox 135 3194 241 3256; x_wconf 87' lang='lat' dir='ltr'><strong>sesque</strong></span> <span class='ocrx_word' id='word_1_291' title='bbox 256 3177 405 3237; x_wconf 88' lang='lat' dir='ltr'><strong>mulierum</strong></span> <span class='ocrx_word' id='word_1_292' title='bbox 420 3177 504 3238; x_wconf 90' lang='lat' dir='ltr'><strong>sistit.</strong></span> <span class='ocrx_word' id='word_1_293' title='bbox 524 3178 678 3240; x_wconf 82' lang='lat' dir='ltr'><strong>infunditur</strong></span> <span class='ocrx_word' id='word_1_294' title='bbox 693 3189 788 3240; x_wconf 88' lang='lat' dir='ltr'><strong>autem</strong></span> <span class='ocrx_word' id='word_1_295' title='bbox 800 3191 940 3244; x_wconf 89' lang='lat' dir='ltr'><strong>tenesmo.</strong></span> <span class='ocrx_word' id='word_1_296' title='bbox 961 3180 1090 3241; x_wconf 87' lang='lat' dir='ltr'><strong>inlinitur</strong></span> <span class='ocrx_word' id='word_1_297' title='bbox 1105 3190 1164 3287; x_wconf 74' lang='lat' dir='ltr'><strong>etas</strong></span> <span class='ocrx_word' id='word_1_298' title='bbox 1189 3232 1192 3239; x_wconf 89' lang='lat'><strong>.</strong></span> 
     </span>
     <span class='ocr_line' id='line_1_37' title="bbox 135 3260 1192 3338; baseline 0.003 -18"><span class='ocrx_word' id='word_1_299' title='bbox 135 3261 367 3338; x_wconf 90' lang='lat' dir='ltr'><strong>putrescentibus</strong></span> <span class='ocrx_word' id='word_1_300' title='bbox 382 3260 519 3321; x_wconf 87' lang='lat' dir='ltr'><strong>ulcemm</strong></span> <span class='ocrx_word' id='word_1_301' title='bbox 1188 3266 1192 3291; x_wconf 86' lang='lat'>¹</span> 
     </span>
     <span class='ocr_line' id='line_1_38' title="bbox 92 3342 1132 3426; baseline 0.002 -19"><span class='ocrx_word' id='word_1_302' title='bbox 92 3353 127 3407; x_wconf 83' lang='grc'><strong>89</strong></span> <span class='ocrx_word' id='word_1_303' title='bbox 199 3342 283 3422; x_wconf 81' lang='lat'><strong>(62.)</strong></span> <span class='ocrx_word' id='word_1_304' title='bbox 305 3343 781 3421; x_wconf 76' lang='lat' dir='ltr'><strong>Gallidua&#39;gamvocatXenocrates</strong></span> <span class='ocrx_word' id='word_1_305' title='bbox 793 3348 983 3411; x_wconf 82' lang='lat' dir='ltr'><strong>leucacantho</strong></span> <span class='ocrx_word' id='word_1_306' title='bbox 999 3347 1132 3426; x_wconf 68' lang='lat' dir='ltr'><strong>similem,</strong></span> 
     </span>
     <span class='ocr_line' id='line_1_39' title="bbox 128 3427 1132 3511; baseline 0.009 -27"><span class='ocrx_word' id='word_1_307' title='bbox 128 3427 293 3500; x_wconf 85' lang='lat' dir='ltr'><strong>palustrem</strong></span> <span class='ocrx_word' id='word_1_308' title='bbox 320 3437 349 3487; x_wconf 90' lang='lat' dir='ltr'><strong>et</strong></span> <span class='ocrx_word' id='word_1_309' title='bbox 369 3429 529 3506; x_wconf 87' lang='lat' dir='ltr'><strong>spinosam,</strong></span> <span class='ocrx_word' id='word_1_310' title='bbox 557 3430 640 3491; x_wconf 89' lang='lat' dir='ltr'><strong>caule</strong></span> <span class='ocrx_word' id='word_1_311' title='bbox 661 3430 811 3493; x_wconf 84' lang='lat' dir='ltr'><strong>ferulaceo</strong></span> <span class='ocrx_word' id='word_1_312' title='bbox 837 3433 914 3511; x_wconf 88' lang='lat' dir='ltr'><strong>alto,</strong></span> <span class='ocrx_word' id='word_1_313' title='bbox 944 3433 990 3492; x_wconf 90' lang='lat' dir='ltr'><strong>oui</strong></span> <span class='ocrx_word' id='word_1_314' title='bbox 1018 3448 1132 3493; x_wconf 74' lang='lat' dir='ltr'><strong>sumno</strong></span> 
     </span>
    </p>
   </div>
   <div class='ocr_carea' id='block_1_4' title="bbox 0 0 1208 3840">
    <p class='ocr_par' dir='ltr' id='par_1_9' title="bbox 0 0 1208 3840">
     <span class='ocr_line' id='line_1_40' title="bbox 0 0 1208 3840; baseline 0 0"><span class='ocrx_word' id='word_1_315' title='bbox 0 0 1208 3840; x_wconf 95' lang='lat' dir='ltr'><strong> </strong></span> 
     </span>
    </p>
   </div>
  </div>
 </body>
</html>
