2400 3840
128 178 190 240 aba
480 191 625 240 0.er
639 190 791 239 securum

129 344 243 407 testudo
257 345 366 407 decisis
379 345 513 426 pedibus,
530 347 636 424 capite,
654 346 754 420 cauda,
768 354 799 404 et
812 347 955 405 intestinis
970 350 1126 426 exemptis,

128 429 239 508 reliqna
250 447 338 491 carue
348 432 388 491 ita
397 429 513 492 condita
523 438 554 490 st
568 431 641 491 citra
654 429 799 491 fastidium
808 431 882 489 ami
893 431 999 507 possit.
1020 429 1128 492 Generi

128 513 282 574 lluviatiles
300 532 339 573 ex
355 516 416 574 irre
432 515 536 591 sumpti
551 521 581 572 et
596 512 748 591 phthisicis
763 512 909 591 prodesse
923 514 1083 577 lraduslm.

87 608 138 663 111
200 597 287 674 (40.)
305 597 418 659 Adusta
431 605 567 658 sauaslm
581 599 678 657 cancri
694 599 792 657 marini
806 597 855 657 rel
865 597 1011 659 luriatihs
1025 601 1127 658 cinere

128 698 166 741 ex
183 681 270 756 oleo,
297 680 495 755 ichthyocolla
518 698 555 740 ac
575 698 708 740 numum
730 683 829 741 uiuere
850 699 886 742 ea
905 699 980 759 quse
1000 682 1152 743 irruentis

128 782 201 843 aqua
218 763 368 825 combusta
384 765 450 825 slat.
477 763 551 823 haee
568 767 682 825 curatio
704 766 791 825 etiam
813 765 891 842 pilos
912 766 1039 825 restituit
1062 785 1127 826 cum

129 866 298 908 cancrorum
328 846 503 907 fluviatilium
529 848 646 922 cinere,
679 857 779 925 patant
803 848 937 909 amud-
965 866 1031 909 cum
1058 868 1128 911 cera

129 941 159 991 et
177 932 264 1011 adipe
283 933 392 994 ursino.
429 929 549 1009 prodest
565 940 595 990 et
615 931 781 992 libriuarum
798 932 914 1010 pellium
932 934 1016 993 ciuis.
1044 933 1128 1010 Ignis

128 1031 230 1075 sauros
245 1015 406 1090 restingunt
416 1032 546 1075 ranarum
557 1017 712 1075 viventium
725 1025 847 1076 ventres
856 1017 984 1096 inpositi,
1000 1017 1125 1096 pedihus

127 1097 339 1177 posterioribus
364 1114 472 1176 pronas
490 1099 641 1176 adalligari
660 1099 760 1159 iubent
780 1109 811 1159 nt
826 1100 978 1160 crebriore
998 1101 1160 1161 anhelitum

129 1183 249 1259 prosint.
290 1190 404 1242 utuntur
431 1192 461 1243 et
490 1183 644 1242 silurorum
675 1183 843 1243 salsamenti
870 1185 995 1262 capitum
1028 1186 1128 1245 cinere

128 1283 165 1325 ex
187 1274 281 1326 aceto.
313 1264 454 1327 Pruritum
474 1266 660 1345 scabiemque
679 1284 738 1327 uon
755 1267 898 1328 hominum
917 1267 1003 1328 modo
1027 1269 1083 1329 sed
1099 1276 1129 1329 ct

127 1348 333 1493 quapripedum
355 1350 558 1411 eilieacissime
580 1351 664 1410 sedat
685 1353 767 1411 iecur
788 1353 955 1430 pastinacae
970 1350 1128 1411 'decoctum

128 1452 156 1493 ιιι
172 1449 189 1493 o
203 1450 250 1494 eo.

88 1528 138 1582 110
194 1517 279 1596 (lt.)
301 1517 417 1578 Nervus
437 1518 486 1578 vel
504 1519 657 1597 praecisos
679 1535 869 1596 purpurarum
890 1519 997 1580 callum
1012 1535 1072 1595 quo
1094 1536 1128 1579 se
1139 1535 1161 1576 1⁵

128 1602 263 1679 operiunt
279 1610 391 1661 tunsum
411 1602 544 1679 glutinat.
577 1601 720 1661 tetanicos
741 1601 894 1678 coagulum
910 1603 991 1662 rituli
1011 1600 1129 1662 adiurat

128 1703 165 1745 ex
182 1686 249 1743 vino
265 1695 362 1763 potum
376 1685 456 1746 oboli
472 1685 613 1763 pondere,
630 1688 698 1744 item
708 1684 916 1760 ichthyocolla,
928 1685 1067 1745 tremulos
1080 1705 1128 1746 ca-

128 1777 266 1843 storeum,
281 1771 305 1826 si
320 1786 358 1828 ex
374 1768 442 1828 oleo
455 1777 681 1846 perunguantur.
703 1768 808 1828 mullus
821 1772 850 1828 in
864 1768 930 1829 cibo
942 1769 1049 1829 inutilis
1060 1787 1128 1828 ner·

128 1868 171 1910 vis
188 1867 312 1910 inuenio.

87 1945 135 1999 111
194 1934 278 2014 (42.)
300 1936 474 2014 Sanguinem
496 1936 557 1995 lieri
577 1935 697 2013 piscium
716 1936 782 1997 cibo
797 1944 915 2015 putant,
937 1935 999 1994 sisti
1014 1935 1162 2014 polypum

128 2027 211 2078 tunso
227 2019 382 2099 inlituque,
398 2019 435 2080 de
451 2037 508 2098 quo
525 2028 553 2079 et
569 2018 642 2078 haee
658 2019 820 2079 traduntur:
842 2021 959 2079 muriam
979 2019 1074 2096 ipsum
1091 2036 1131 2079 ex

129 2120 196 2163 sese
211 2105 341 2163 emittere
365 2113 395 2163 et
415 2103 480 2162 ideo
501 2120 559 2161 non
577 2102 688 2162 debere
710 2103 774 2163 addi
797 2104 825 2163 iu
841 2100 1009 2181 coquendo,
1032 2102 1131 2163 secari

128 2185 296 2266 becumine,
309 2187 388 2247 ferro
403 2187 482 2246 inlici
492 2187 647 2264 vitiumque
662 2185 777 2246 trahere
788 2194 888 2246 nutura
900 2183 1067 2246 dissidente.
1092 2184 1130 2244 ad

129 2272 294 2351 sauguinem
312 2270 467 2331 sistendum
482 2279 510 2329 et
525 2286 656 2328 ranarum
671 2269 790 2329 inlinunt
805 2271 932 2329 cinerem
945 2268 995 2328 vel
1011 2269 1128 2344 saugui-

89 2366 214 2419 1111111
231 2356 397 2417 arefactum.
426 2353 538 2432 quidam
553 2370 590 2412 ex
613 2370 647 2412 ea
670 2370 739 2412 rana
755 2370 838 2431 quam
853 2351 956 2413 Graeci
976 2351 1162 2412 calamitenau

129 2448 249 2514 vocant,
269 2440 400 2518 quoniam
420 2439 494 2496 iuter
508 2435 682 2496 harundines
696 2435 873 2514 fruticesque
888 2437 982 2511 vivat,
1004 2435 1133 2494 minuma*

131 2523 253 2581 omnium
267 2533 296 2582 et
311 2522 492 2596 viridissima,
509 2521 677 2596 sanguinem
693 2522 856 2579 cineremve
872 2521 935 2579 lieri
951 2518 1060 2593 iubent,
1077 2517 1130 2577 eli·

131 2607 177 2683 qui
194 2614 222 2664 et
238 2607 413 2666 nascentium
431 2621 561 2664 ranarum
576 2605 605 2662 in
621 2620 694 2681 aqua
708 2604 810 2682 quibus
828 2603 920 2664 adhuc
936 2599 1025 2661 cauda
1042 2601 1130 2659 estin

130 2688 220 2749 calice
237 2705 312 2749 noro
329 2689 539 2750 combustarum
555 2689 696 2765 cinerem,
718 2689 742 2745 si
765 2704 817 2764 per
833 2687 910 2746 naris
932 2685 1017 2759 duat,
1039 2683 1129 2743 inler-

88 2780 139 2836 113
149 2773 289 2832 ciendum.
316 2772 455 2833 Diversus
470 2770 646 2845 hirudinum,
664 2788 735 2849 quas
750 2771 942 2846 sanguisugas
955 2775 1073 2842 vocent,
1092 2764 1165 2826 abac

131 2853 334 2915 extrahendum
350 2857 517 2934 sauguinem
534 2873 600 2914 usus
615 2863 668 2913 est.
697 2854 807 2932 quippe
822 2851 924 2913 eadem
939 2851 1012 2911 ratio
1029 2866 1131 2912 earum

130 2956 204 3017 quae
230 2939 439 3000 cucurbitarum
459 2937 671 2999 medicinalium
700 2937 735 2997 ad
758 2953 884 3016 corpora
910 2933 1034 2995 levanda
1062 2949 1129 3030 san·

129 3015 1131 3181 {liiiiitllll.¹titlil.lll.ilisibililllltlli

131 3189 258 3249 eiusdem
274 3210 296 3245 a:
311 3190 442 3268 ¹uliciuae.
465 3187 545 3246 multi
562 3186 701 3264 podagris
719 3203 835 3265 quoque
851 3182 1041 3247 admittendas
1059 3183 1166 3244 een-at

131 3290 225 3332 suere.
251 3273 385 3333 decidunt
400 3274 532 3333 satietate
548 3279 576 3329 et
592 3268 722 3349 pondere
737 3272 802 3348 ipso
815 3268 963 3347 sauguinis
979 3265 1131 3327 detractae

131 3365 179 3414 uut
196 3355 257 3415 sale
270 3356 438 3435 adspersae,
458 3354 719 3433 aliquandoaamen
732 3354 896 3431 relinquunt
911 3350 1005 3412 adfixa
1022 3350 1130 3428 capita,

131 3456 204 3517 quae
213 3456 299 3500 cuasa
308 3439 426 3501 volnera
437 3437 604 3499 insanabilia
617 3436 686 3497 lacit
698 3445 728 3497 et
736 3437 842 3497 multos
852 3435 1045 3495 interemit-—
1053 3433 1131 3492 sicut
