2400 3840
140 191 199 252 130
416 222 419 227 -
481 202 510 250 e.
526 202 622 250 nunu
637 200 785 251 suenum

138 358 304 419 neminisse
321 374 384 417 eam
399 356 522 436 adparet
539 365 586 416 ant
602 364 683 415 certe
702 356 842 432 divinam,
861 358 1026 416 etiamnum
1044 356 1133 418 homo

139 442 297 518 inveniret,
315 441 494 519 eandemque
513 442 636 500 omnium
652 449 800 519 parentem
817 449 846 500 et
860 441 999 515 genuisse
1014 440 1089 502 haec
1103 451 1134 501 et

140 526 316 599 ostendisse,
332 524 411 585 nullo
425 527 502 584 vitae
518 524 656 584 miraculo
671 524 797 598 maiore,
816 526 840 582 si
859 541 958 582 verum
972 524 1057 583 lateri
1079 542 1133 585 ro-

138 609 240 669 lumus.
269 609 434 683 Scythicam
449 607 568 667 herbam
591 626 607 667 a
621 607 744 667 Maeotis
760 606 929 686 paludibus,
954 616 983 666 et
997 607 1131 686 Euphor-

138 691 222 752 beam
244 710 260 751 e
282 701 380 751 monte
394 690 511 750 htlante
533 693 664 769 ultraque
685 691 821 750 Herculis
843 691 991 750 columnas
1016 701 1045 750 et
1066 694 1157 770 ipsos

137 794 233 836 rerum
249 782 367 834 naturae
382 774 514 850 deiectu,
536 783 618 853 parte
633 773 689 835 alia
703 773 893 833 Britannicam
911 792 948 832 ex
970 776 1072 834 oceani
1087 776 1131 834 in-

138 859 208 919 sulis
234 868 316 919 extra
336 867 431 917 terras
451 860 573 936 positis,
603 860 728 936 itemque
749 856 953 935 Aethiopidem
968 857 1004 916 ah
1026 868 1132 918 exusto

110 942 279 1008 asideribus
296 959 367 1016 axe,
394 941 466 1000 alias
491 951 644 1020 praeterea
664 940 777 1000 aliunde
794 941 869 1000 ultro
888 942 1017 1018 citroque
1035 942 1132 1003 huma·

138 1043 192 1084 nae
223 1024 306 1083 saluti
336 1025 364 1082 in
392 1031 454 1084 toto
482 1024 553 1084 orbe
575 1024 701 1102 portari,
730 1025 857 1083 inmensa
879 1024 1026 1085 Romanae
1050 1027 1133 1104 pacis

138 1109 287 1167 maiestate
304 1125 361 1166 non
382 1107 512 1167 homines
533 1108 617 1168 modo
633 1107 757 1167 diversis
778 1109 852 1167 inter
874 1126 906 1166 se
929 1110 1015 1167 terrie
1039 1110 1165 1186 genti-so

137 1192 249 1269 busque
270 1208 369 1250 verum
388 1193 472 1251 etiam
483 1195 586 1251 montis
607 1200 638 1250 et
653 1191 824 1251 excedentia
842 1193 870 1249 in
885 1190 967 1251 uubis
984 1194 1051 1269 iuga
1064 1210 1130 1271 par·

138 1283 355 1353 tnequeeorum
367 1283 398 1334 et
409 1275 639 1355 herbasquoque
651 1275 774 1357 invicem
784 1283 956 1334 ostentante.
972 1285 1132 1352 aeternum,

139 1377 265 1438 quaeso,
288 1359 407 1419 deorum
425 1361 462 1418 sit
476 1378 576 1419 munus
592 1359 681 1420 istud!
704 1358 778 1417 adeo
792 1359 940 1418 Romanos
957 1357 1037 1418 velut
1061 1358 1132 1418 alte·

136 1461 197 1502 ram
215 1442 308 1502 lucem
324 1442 440 1502 dedisse
455 1443 545 1503 rebus
562 1443 690 1502 humanis
704 1441 846 1501 videntur.

110 1536 128 1590 4
197 1527 226 1585 2.
249 1525 312 1603 (2.)
336 1525 394 1585 Sed
411 1529 589 1605 antiquorum
605 1543 699 1586 curam
723 1526 957 1604 diligentiamque
975 1526 1045 1604 quis·
1062 1542 1168 1605 pos-rs

138 1610 174 1668 sit
199 1612 270 1668 satis
289 1606 442 1668 venerari?
481 1618 594 1669 constat
619 1612 742 1669 omnium
770 1624 946 1669 venenorum
968 1610 1133 1669 ocissimum

140 1710 207 1752 esse
231 1694 374 1752 aconitum
397 1699 427 1750 et
450 1695 535 1752 tactis
558 1709 673 1771 quoqne
695 1692 869 1771 genitalibus
895 1693 1022 1752 feminini
1044 1710 1133 1751 sexus

137 1775 297 1835 animalium
313 1775 416 1834 eodem
431 1774 477 1834 die
494 1777 601 1836 inferre
617 1786 748 1835 mortem.
777 1776 834 1835 hoo
849 1775 902 1836 fuit
916 1791 1058 1835 venenum
1074 1792 1132 1854 qno

137 1861 324 1936 interemptas
340 1858 509 1919 dormientis
524 1877 540 1920 a
559 1858 713 1937 Calpurnio
730 1858 828 1920 Bestia
849 1876 958 1919 uxores
974 1858 1012 1919 ll.
1030 1857 1132 1920 Caeci·
1196 1910 1198 1929 ,

137 1943 192 2002 lius
211 1950 364 2002 accusator
379 1942 494 2003 obiecit.
527 1944 594 2003 hino
606 1943 654 2003 illa
670 1953 753 2002 atron
769 1945 916 2021 peroratio
932 1943 994 2002 eins
1016 1943 1044 2000 in
1059 1942 1168 2019 ligi-so
1195 2008 1198 2027 Ι

137 2037 204 2087 tum.
238 2033 329 2085 ortum
347 2025 462 2086 fabulae
476 2044 631 2088 narravere
648 2046 663 2086 e
679 2028 787 2105 spumis
804 2024 926 2085 Gerheri
940 2026 1019 2086 oanis
1038 2035 1131 2085 entra·
1194 2036 1198 2107 g

136 2111 223 2169 hente
239 2109 275 2169 ab
296 2109 396 2169 inieris
410 2110 538 2170 Hercule
553 2110 679 2187 ideoque
695 2109 770 2188 apud
784 2109 956 2169 Heracleam
972 2109 1132 2183 Ponticam,
1194 2116 1197 2123 ’

108 2192 185 2258 5uhi
198 2200 371 2252 monstratur
385 2194 409 2252 is
424 2192 460 2252 ad
475 2193 585 2252 inferos
597 2194 700 2270 aditus,
716 2194 806 2269 gigni.
834 2193 891 2252 hoo
907 2211 1022 2272 quoque
1038 2201 1133 2253 tamen

137 2279 165 2335 in
186 2293 254 2334 usus
274 2274 415 2336 hnmanae
438 2276 539 2335 salutis
563 2286 679 2336 vertere
703 2278 888 2354 scorpionum
909 2275 1014 2335 ictibus
1031 2275 1132 2334 adver-

137 2360 195 2419 sari
211 2358 390 2436 experiendo
406 2359 501 2420 datum
521 2361 551 2419 in
566 2361 634 2420 vino
651 2359 755 2420 calido.
789 2378 825 2420 ea
845 2370 890 2419 est
907 2367 1007 2419 natura
1030 2368 1060 2418 nt
1081 2359 1167 2417 tro-ar

136 2444 240 2503 minem
260 2442 374 2502 occidat
396 2443 451 2502 nisi
473 2444 615 2502 invenerit
636 2443 712 2522 quod
731 2445 760 2502 in
776 2443 891 2502 homine
906 2445 1037 2520 perimat.
1069 2460 1133 2502 oum

138 2545 174 2588 eo
195 2526 260 2587 solo
284 2527 482 2603 conluctatur,
505 2527 594 2587 veluti
615 2530 678 2606 pari
701 2528 776 2588 intus
804 2529 931 2587 invento.
967 2526 1030 2585 sola
1059 2526 1134 2586 haee

139 2628 234 2690 pugna
242 2621 298 2686 est,
317 2629 380 2670 cum
391 2628 533 2670 venenum
545 2613 574 2670 in
584 2610 746 2671 visceribus
757 2613 876 2689 reperit,
888 2610 1059 2687 mirumque,
1073 2610 1132 2668 exi·

136 2695 214 2754 tialia
229 2712 283 2773 per
294 2712 327 2752 se
336 2693 420 2754 amho
436 2711 498 2754 cum
509 2696 575 2770 sint,
591 2695 767 2754 duovenena
780 2694 809 2753 in
822 2693 937 2754 homine
951 2695 1132 2752 conmoriun·

108 2784 183 2842 stur
197 2785 227 2834 nt
238 2776 324 2837 homo
336 2777 472 2855 supersit.
489 2776 577 2836 lmmo
589 2795 660 2837 vero
676 2778 761 2836 etiam
775 2775 900 2837 ferarum
914 2776 1042 2836 remedia
1057 2776 1126 2836 anti·
1136 2789 1163 2830 ae

137 2859 185 2939 qui
201 2859 387 2935 prodiderunt
402 2858 623 2919 demonstrando
637 2860 781 2938 quomodo
789 2867 930 2920 venenata
938 2877 1054 2938 quoque
1069 2859 1133 2937 ipsa

137 2949 315 3000 sanarentur.
344 2951 513 3019 torpescunt
532 2945 705 3020 scorpiones
725 2946 831 3003 aconiti
855 2952 933 3004 tactu
957 2952 1134 3020 stupentque

138 3024 283 3104 pallentes
296 3033 325 3082 et
338 3025 417 3083 vinci
434 3043 466 3083 se
488 3026 669 3086 confitentur.
707 3027 860 3087 auxiliatur
880 3026 923 3085 his
949 3025 1132 3086 helleborum

137 3107 233 3169 album
247 3115 325 3167 tactu
341 3108 519 3185 resolvente,
537 3109 672 3189 ceditque
685 3112 828 3170 aconitum
840 3109 954 3168 dnobus
968 3109 1061 3184 malis,
1078 3125 1132 3168 sno

138 3200 168 3252 et
187 3192 320 3250 omnium.
357 3195 477 3270 quaesi
502 3194 567 3271 quis
586 3194 646 3253 ullo
667 3194 743 3253 forte
768 3193 804 3252 ah
829 3193 943 3252 homine
969 3193 1165 3270 excogitarite

106 3278 267 3355 'lpotnisse
283 3276 390 3352 credit,
414 3278 527 3354 ingrate
549 3276 669 3336 deorum
690 3293 808 3336 munera
829 3277 981 3351 intellegit.
1013 3282 1133 3352 tangunt

138 3360 232 3419 caruis
253 3361 367 3420 aconito
383 3369 544 3438 necantque
564 3369 678 3436 gustatu
700 3377 796 3421 earum
810 3360 983 3438 pantheras,
1002 3359 1057 3418 nisi
1075 3359 1132 3419 hoo

137 3443 231 3522 fleret,
247 3444 410 3523 repleturas
424 3443 491 3503 illos
508 3444 588 3502 situs.
624 3444 660 3503 oh
676 3443 704 3502 id
716 3443 828 3523 qnidam
846 3441 1066 3523 pardalianches
1081 3458 1132 3521 ap·
