2400 3840
120 181 140 244 8
445 192 475 242 c.
492 193 587 240 untur
604 191 753 242 saccum

121 347 184 492 dppps
204 347 267 490 thoc
287 347 364 409 idem
385 356 515 428 praestat
538 349 620 426 nigra
639 348 724 424 vitis,
747 348 881 426 quoniam
903 346 967 407 alba
983 347 1124 426 pruritum

121 450 136 491 a
169 451 222 492 er.

78 542 111 597 at
187 533 268 612 (17.)
304 531 358 593 liet
383 548 456 610 ergo
481 539 510 592 et
533 532 631 608 nigra,
660 531 883 610 quamproprie
903 529 1054 606 bryonIam
1073 548 1124 590 vo·

123 623 204 693 cant,
229 616 276 675 alii
298 613 478 692 Chironiam,
499 613 547 675 alii
563 613 783 692 gynaecanthen
799 621 846 673 aut
864 615 1028 693 apronium,
1047 614 1124 673 simi·

122 699 180 760 lem
204 701 314 779 priori,
340 706 544 777 praeterquam
564 697 683 775 colore,
710 697 794 757 huius
820 699 896 757 enim
920 697 1033 775 nigrum
1054 715 1150 758 essee

80 793 114 847 24
128 785 257 844 diximus.
289 798 447 862 asparagos
468 779 537 841 eius'
546 779 666 842 Diocles
682 780 820 859 praetulit
835 782 914 841 veris
929 781 1079 858 asparagis
1094 781 1123 839 in

122 867 189 928 cibo
208 867 308 927 urinae
325 864 445 925 ciendae
461 865 589 943 lienique
602 863 765 925 minuendo.
791 865 821 923 in
832 864 966 924 frutectis
979 871 1010 923 et
1021 862 1124 923 barun-

81 957 114 1009 28
126 951 232 1010 dinetis
245 965 375 1009 maxume
387 949 521 1008 nascitur.
534 947 616 1008 radix
627 948 700 1007 loris
709 948 801 1024 nigra,
814 947 890 1006 intus
903 946 1000 1006 buxeo
1009 945 1123 1024 colore,

124 1050 191 1094 ossa
216 1032 403 1092 infractavel
419 1032 565 1092 efficacius
581 1030 707 1091 extrahit
722 1048 805 1109 quam
824 1048 909 1109 supra
927 1030 1011 1090 dicta.
1043 1036 1123 1090 cete·

122 1134 184 1176 rum
207 1114 300 1175 eidem
322 1115 469 1194 peculiare
492 1123 538 1173 est
560 1113 636 1192 quod
654 1115 844 1174 iumentorum
859 1112 1023 1173 cervicibus
1037 1114 1123 1173 unice
1133 1129 1159 1172 ao

122 1199 262 1260 medetur.
294 1200 389 1275 aiunt,
406 1200 430 1258 si
446 1199 510 1277 quis
528 1196 625 1256 villam
641 1214 676 1257 ea
691 1199 833 1272 cinxerit,
849 1198 952 1273 lugere
968 1197 1123 1274 accipitres

123 1291 256 1361 tutasque
276 1282 339 1341 lieri
361 1282 501 1341 villaticas
520 1280 614 1341 alites.
644 1281 744 1342 eadem
762 1281 791 1339 in
807 1281 937 1340 iumentov
948 1279 1124 1357 homineque

124 1365 237 1427 demina
259 1373 307 1425 aut
324 1367 493 1444 sanguinem
508 1364 555 1443 qui
572 1383 605 1424 se
622 1363 657 1424 ad
676 1363 752 1424 talos
767 1364 909 1424 deiecerit
927 1361 1124 1440 circumlIgata

124 1457 212 1512 sanat.
239 1447 277 1508 Et
290 1448 429 1510 hactenus
446 1448 482 1509 de
499 1450 599 1507 vitium
613 1447 780 1524 generibus.

80 1575 115 1630 29
186 1565 267 1642 (18.)
295 1563 389 1623 blusta
405 1563 582 1622 differentias
599 1562 705 1622 babent
726 1561 862 1622 naturalis
877 1563 945 1641 has,
964 1562 1041 1642 quod
1058 1571 1160 1623 suntrt

124 1646 242 1707 candida
256 1655 303 1705 aut
315 1647 397 1723 nigra
411 1654 459 1704 aut
470 1647 547 1705 inter
560 1654 721 1724 utrumque,
737 1645 849 1724 aliaque
863 1665 901 1708 ex
913 1647 1016 1725 quibus
1028 1648 1125 1707 vinum

122 1731 188 1805 liat,
211 1727 266 1788 alia
289 1747 328 1789 ex
349 1728 452 1807 quibus
473 1746 596 1807 passum.
629 1746 696 1788 cura
714 1727 892 1790 differentias
908 1730 1124 1791 innumerabilis

123 1813 208 1888 iacit,
223 1813 252 1871 in
270 1811 387 1890 plenum
401 1828 474 1888 ergo
489 1811 562 1871 haec
580 1811 690 1873 dixisse
705 1813 876 1873 conveniat:
899 1811 1024 1872 blastum
1039 1830 1124 1874 omae

124 1895 272 1956 stomacho
298 1894 419 1972 inutile,
442 1895 525 1954 venis
546 1896 704 1959 iucundum.
735 1894 877 1956 abalneis
896 1898 998 1976 raptim
1013 1905 1043 1956 et
1059 1898 1123 1957 sine

122 1980 361 2058 interspiratione
373 1987 472 2057 potum
484 1987 575 2040 necat.
603 1979 796 2039 cantharidum
808 1987 926 2040 naturae
940 1979 1123 2058 adversatur,
1133 1997 1160 2038 ao

80 2064 193 2126 30item
208 2063 410 2142 serpentibus,
426 2080 556 2122 maxume
571 2061 784 2124 haemorrhoidi
802 2071 831 2122 et
846 2062 1049 2123 salamandrae.
1080 2080 1126 2123 ca-

123 2148 192 2225 pitis
208 2145 328 2206 dolores
344 2147 428 2223 lacit,
452 2154 485 2223 et
497 2147 606 2222 gutturi
623 2145 741 2222 inutile,
759 2145 881 2224 prodest
897 2146 1035 2223 renibus,
1053 2147 1125 2207 ioci·

124 2230 186 2287 neri
203 2236 233 2288 et
248 2230 407 2289 interaneis
420 2230 555 2304 vesicae,
572 2227 706 2288 conlevat
722 2230 796 2289 enim
810 2247 853 2288 ea.
879 2231 1012 2307 privatim
1023 2238 1125 2290 contra

123 2311 283 2389 buprestim
311 2311 407 2388 valet,
438 2318 537 2370 contra
564 2313 741 2388 meconium,
770 2311 853 2372 lactis
880 2312 1124 2391 coagulationem,

124 2395 260 2471 cicutam,
277 2394 389 2471 toxica,
405 2393 589 2470 dorycnium,
608 2413 646 2454 ex
661 2394 729 2456 oleo
744 2403 843 2474 potum
860 2395 1061 2474 redditumque
1073 2413 1159 2461 voce

123 2477 299 2539 mitionibus.
336 2477 372 2538 ad
396 2478 489 2539 omnia
515 2478 652 2539 infirmius
669 2478 780 2555 album,
804 2479 953 2538 iucundius
970 2480 1049 2558 passi
1064 2498 1123 2540 mu·

124 2569 215 2638 stum,
232 2570 262 2622 et
277 2560 354 2640 quod
368 2563 507 2622 minorem
523 2563 626 2641 capitis
640 2561 772 2623 dolorem
788 2561 908 2622 adierat.

84 2689 112 2742 31
192 2679 274 2756 (19.)
300 2677 368 2738 Vini
383 2697 493 2755 genera
508 2679 745 2757 differentiasque
760 2697 898 2758 perquam
912 2678 1014 2738 multas
1032 2697 1124 2759 expo-

83 2758 144 2844 ¹543⁹
165 2763 273 2819 suimus
291 2768 321 2820 et
337 2762 402 2821 iere
417 2764 556 2839 cujusque
573 2764 777 2840 proprietates.
808 2779 904 2840 neque
920 2770 966 2821 est
981 2762 1039 2823 ulla
1054 2780 1123 2841 pars

124 2841 270 2903 diidcilior
292 2851 414 2903 tractatu
437 2852 485 2903 aut
510 2845 709 2920 numerosior,
735 2847 843 2924 quippe
867 2847 990 2906 comsit
1013 2846 1158 2910 tardumeo

125 2925 201 2985 dictu
230 2924 361 3003 pluribus
386 2927 480 3005 prosit
506 2943 541 2986 an
567 2936 679 2987 noceat.
718 2937 871 3007 practerea
900 2947 982 3007 quum
1005 2930 1123 3008 ancipiti

125 3017 231 3068 eventu
256 3016 355 3086 potum
379 3011 475 3068 statim
496 3009 630 3069 auxilium
653 3010 684 3069 ht
705 3019 752 3070 aut
769 3011 928 3072 venenum!
959 3014 1066 3073 etenim
1086 3012 1123 3072 de

81 3101 116 3156 32
127 3099 226 3151 natura
250 3092 285 3150 ad
308 3092 435 3153 remedia
450 3100 557 3152 tantum
573 3095 738 3172 pertinente
754 3113 828 3155 nunc
846 3095 996 3173 loquimur.
1030 3094 1124 3155 Unum

123 3176 159 3235 de
176 3174 268 3235 dando
286 3192 322 3234 eo
341 3175 474 3237 volumen
485 3175 676 3256 Asclepiades
690 3178 817 3239 condidit
832 3179 867 3238 ab
885 3194 921 3240 eo
938 3181 1124 3257 cognomina-

123 3267 186 3334 tus,
210 3260 257 3336 qui
280 3267 384 3338 postea
400 3276 472 3320 vero
488 3260 524 3320 de
542 3261 687 3322 volumine
705 3261 756 3320 illo
777 3262 945 3322 disseruere
965 3265 1158 3326 innumeram

123 3361 177 3402 nos
199 3344 255 3403 ista
278 3341 405 3403 Romana
428 3345 571 3420 gravitate
592 3347 752 3423 artiumque
775 3345 936 3406 liberalium
956 3346 1123 3426 adpetentia

122 3442 181 3486 non
196 3434 227 3485 ut
242 3427 345 3487 medici
360 3428 413 3488 sed
425 3435 455 3487 ut
469 3427 580 3489 indices
592 3427 693 3488 salutis
705 3428 843 3489 humanae
856 3429 1013 3507 diligenter
1024 3429 1123 3495 distin·
