2400 3840
130 194 171 254 36
456 208 486 253 o.
503 208 598 254 nurum
614 207 763 256 succum

131 361 184 419 bus
202 361 353 422 solvantur
374 364 509 440 nitroque
525 361 704 421 conluantur.
735 362 848 441 quidam
859 362 891 422 id
917 362 1065 441 religione
1085 364 1127 423 el·

131 445 246 503 ircacius
263 445 325 505 lieri
348 455 447 524 putant
462 447 553 524 prima
564 445 629 504 luna
641 443 795 506 collectum
807 465 824 507 e
836 445 946 507 robore
958 448 1021 507 sine
1030 448 1126 522 lerro,

131 529 156 586 si
173 536 289 587 terram·
300 547 359 588 nou
374 531 515 606 attingat,
532 527 726 589 comitialibus
739 529 868 606 mederi,
894 538 1067 609 conceptum
1082 530 1126 590 lc·

130 611 267 670 minarum
288 613 440 689 adiuvare,
469 614 493 672 si
517 615 632 672 omniuo
655 624 754 672 secum
775 612 908 673 babeant.
944 611 1042 673 ulcera
1057 629 1126 672 con·

130 694 299 755 manducato
323 698 510 774 inpositoque
525 697 728 757 efficacissime
742 697 845 757 sanari
1134 717 1148 756 ⁵

89 788 123 841 13
186 778 247 860 (7.)
290 778 418 838 Roboris
445 779 551 857 pilulae
566 778 613 856 ἢ
653 797 691 838 ex
712 778 796 857 adipe
819 797 892 840 vcro
910 781 1010 839 ursino
1025 779 1125 858 alope-

131 863 190 920 cias
217 861 322 939 capillo
349 863 472 941 replent.
505 862 588 923 Cerri
616 864 687 923 lolia
707 870 738 922 et
758 870 863 922 cortex
886 871 915 922 et
933 862 1016 940 glans
1034 863 1126 924 siccat

131 944 324 1004 collectiones
352 949 652 1025 suppurationesque,
684 945 843 1005 ductiones·
859 948 946 1007 sistit.
979 948 1125 1026 torpentis

130 1027 323 1087 membrorum
350 1031 440 1106 partis
466 1029 642 1090 conroborat
668 1029 902 1090 decoctumcius
926 1031 1007 1106 fotu,
1033 1031 1079 1090 cui
1095 1038 1126 1090 et

131 1109 259 1170 insidere
280 1112 399 1191 expedit
421 1113 562 1173 siccandis
589 1113 841 1190 adstringendisve
867 1115 1007 1192 partibus,
1041 1113 1124 1174 radix
1137 1137 1160 1176 ro

132 1195 208 1252 cerri
225 1194 396 1255 adversatur
412 1197 624 1275 scorpionibus.

193 1277 253 1357 (8.)
284 1277 407 1340 Soberis
423 1288 526 1340 cortex
546 1281 631 1340 tritus
654 1299 691 1340 ex
709 1297 782 1359 aqua
799 1281 892 1342 calida
910 1289 996 1361 potus
1011 1282 1126 1358 sangui-

131 1378 196 1420 nem
211 1361 349 1423 liuentem
366 1382 404 1424 ex
418 1365 554 1424 utralibet
567 1373 649 1444 parte
661 1365 746 1423 sistit.
777 1365 906 1425 eiusdem
918 1363 989 1424 cinis
1006 1382 1045 1424 ex
1056 1366 1125 1424 vino

132 1443 225 1504 calido
240 1449 409 1524 sanguinem
426 1448 645 1511 exscreantibus
663 1448 996 1526 magnoperelaudatur.

89 1536 124 1591 14
190 1530 218 1588 5.
242 1530 303 1608 (a)
332 1530 403 1607 Fagi
418 1532 488 1591 lolia
503 1532 705 1611 manducantur
722 1532 753 1589 in
774 1531 955 1607 gingivarum
970 1529 1160 1600 labiorum-15

133 1628 189 1687 que
204 1613 292 1671 vitiis.
324 1612 442 1673 calculis
456 1614 569 1691 glandis
585 1615 720 1691 fagineae
731 1615 803 1673 cinis
817 1613 957 1691 inlinitur,
975 1615 1047 1673 item
1061 1631 1125 1673 cnm

131 1693 219 1754 melle
238 1695 389 1773 alopeciis.

90 1789 123 1839 15
197 1778 278 1856 (10.)
312 1777 451 1857 (inpressi
466 1780 541 1854 folia¹
552 1782 620 1840 trita
634 1781 813 1859 serpentium
825 1779 1125 1857 ictibnsiuponuntur,

133 1868 163 1920 et
178 1864 265 1939 capiti
279 1880 341 1922 cum
353 1862 489 1941 polenta,
505 1866 530 1923 si
546 1883 562 1923 a
578 1863 642 1924 sole
657 1863 773 1940 doleat,
789 1865 858 1923 item
878 1864 988 1938 comiti,
1011 1880 1066 1940 qua
1089 1862 1125 1922 de

24 1945 25 1949 ’
132 1963 217 2004 causa
229 1954 260 2004 et
273 1946 417 2006 bibuntur.
451 1949 568 2007 testium
582 1965 698 2026 quoque
712 1948 816 2007 tumori
833 1964 896 2006 cum
914 1963 983 2006 cera
1003 1944 1160 2014 inbono-20

132 2036 195 2105 tur,
217 2029 351 2108 capillum
373 2031 525 2108 denigrant
543 2050 581 2092 ex
602 2041 695 2091 aceto.
726 2030 827 2091 eadem
850 2031 990 2091 triticum
1014 2027 1124 2089 duabus

133 2112 264 2190 partibus
280 2115 362 2191 panis
378 2113 491 2190 mollis,
504 2132 521 2174 e
537 2116 605 2175 vino
620 2115 745 2174 Amineo
761 2113 882 2173 subacta
894 2111 999 2191 pedum
1012 2130 1048 2172 ac
1058 2131 1125 2172 ner-

132 2212 233 2254 vorum
248 2195 368 2255 dolores
384 2196 494 2256 sedant.
526 2197 634 2275 pilulae
649 2197 789 2257 adversus
804 2197 983 2274 serpentium
995 2196 1070 2256 ictus
1083 2196 1126 2255 bi·

132 2278 255 2355 buntur,
281 2285 330 2337 aut
355 2280 380 2339 si
403 2281 524 2339 eiciatur
546 2281 680 2357 sanguis,
709 2279 934 2340 collectionibus
957 2278 1123 2339 inlinuntur.

97 2372 101 2381 '
132 2361 224 2420 ramiti
248 2377 364 2440 quoque
378 2370 499 2422 tenerae
516 2371 617 2423 tunsae
632 2374 696 2423 cum
711 2365 834 2440 axungia
851 2371 881 2423 et
904 2361 1033 2423 lomento
1056 2378 1158 2440 pro-sc

134 2453 206 2504 sunt.
238 2446 375 2506 bibuntur
387 2465 426 2506 ex
445 2446 545 2507 eadem
559 2465 652 2508 causa.
678 2446 804 2525 parotidi
818 2454 848 2506 et
863 2454 989 2506 strumae
1005 2463 1069 2506 cum
1084 2446 1125 2506 la·

92 2530 197 2595 lorino
226 2532 408 2609 inponuntur.
438 2533 608 2608 exprimitur
632 2549 717 2591 sucus
746 2531 838 2590 tunsis
860 2547 923 2589 oum
941 2530 1053 2589 semine
1075 2529 1124 2606 qui

133 2615 237 2674 mixtus
253 2614 321 2674 oleo
341 2614 495 2692 caliginem
510 2613 659 2675 oculorum
673 2615 776 2674 aulert.
806 2615 876 2682 item
890 2613 1036 2673 victoriati
1053 2629 1125 2691 pon·

134 2696 204 2757 dere
219 2700 249 2758 in
264 2701 332 2757 vino
344 2707 431 2776 potus
443 2696 599 2776 inlitusque
612 2716 674 2758 cunr
690 2698 745 2757 lico
756 2698 833 2758 sicca
844 2697 963 2775 pingui,
979 2696 1123 2774 exemptis

133 2782 248 2857 manis,
270 2781 339 2840 vitia
360 2783 475 2842 testium
498 2788 597 2857 sanat,
630 2789 758 2840 tumores
778 2779 894 2840 discutit
916 2787 947 2839 et
975 2797 1039 2839 cum
1066 2780 1159 2840 ier-ao

132 2871 230 2922 mento
256 2872 387 2923 strumas.
419 2862 502 2923 radix
529 2881 592 2923 cum
611 2863 692 2924 loliis
716 2864 785 2924 trita
806 2870 933 2942 potaque
953 2864 1071 2923 vesicae
1095 2870 1125 2922 et

134 2947 314 3023 stranguriae
325 2945 474 3022 medetur,
489 2953 519 3004 et
535 2954 634 3006 contra
648 2945 810 3025 phalangia.
824 2955 952 3007 ramenta
966 2953 1036 3025 pota
1047 2964 1125 3005 men·

134 3048 182 3088 ses
197 3032 291 3103 cient,
309 3031 496 3107 scorpionum
512 3028 623 3091 ictibus
633 3029 829 3090 adversantur.

92 3122 125 3176 17
201 3113 282 3191 (11.)
312 3111 424 3173 Gedros
449 3130 568 3190 magna,
591 3130 674 3192 quom
688 3111 857 3175 cedrelaten
872 3120 999 3189 vocant,
1017 3111 1065 3172 dot
1082 3113 1124 3191 pi-

134 3215 196 3256 cem
224 3213 297 3274 quae
323 3196 419 3256 cedria
438 3204 576 3273 vocatur,
612 3197 738 3257 dentium
760 3195 911 3257 doloribus
933 3194 1158 3258 utilissimamsc

133 3280 239 3356 trangit
254 3281 329 3339 enirn
342 3296 396 3340 eos
412 3288 443 3340 et
459 3280 600 3358 extrahit,
626 3280 745 3340 dolores
761 3277 852 3339 sedat.
888 3279 967 3340 cedri
985 3297 1071 3339 sucus
1087 3281 1126 3340 ex

92 3383 119 3424 n,
135 3384 158 3417 ss
176 3381 211 3423 ea
227 3364 372 3442 quomodo
387 3364 474 3424 lieret
488 3363 625 3440 diximus,
648 3363 742 3440 magni
766 3361 801 3422 ad
821 3360 1066 3439 voluminosis,
1095 3364 1124 3422 ni

133 3448 219 3526 capiti
236 3447 367 3510 dolorem
381 3448 514 3510 inferret.
547 3446 682 3510 defuncta
704 3462 830 3523 corpora
849 3446 1019 3524 incorrupta
1040 3447 1123 3507 aeris
