2400 3840
158 182 218 244 114
463 191 493 238 o.
516 190 612 238 runnu
634 187 784 238 suonam
842 206 844 211 ·
885 228 888 233 .

109 359 144 415 79
156 367 194 409 ex
213 364 288 426 aqua
311 363 366 424 pro
383 345 521 423 singulari
536 343 667 405 remedio
682 343 784 404 bibere
805 342 935 407 suadent.
966 346 1152 423 stranguriae

153 432 256 492 discuti
274 438 303 489 et
317 430 461 489 dictamno
478 437 657 504 certumst,
673 430 742 488 item
757 427 955 505 quinquefolio
970 427 1098 490 decocto
1114 431 1151 492 ad

151 517 253 576 tertias
268 516 296 574 in
318 515 395 573 rino.
424 512 481 573 hoc
496 521 526 572 et
537 511 742 572 enterocelicis
760 510 820 570 dari
836 519 921 589 atque
938 513 1018 573 inlini
1032 515 1150 594 utilissi-

150 618 225 659 mum
242 607 295 658 est.
324 596 404 676 xiphi
422 613 539 675 quoqne
553 596 635 656 radix
650 597 785 674 superior
796 596 904 654 urinam
915 597 973 655 ciet
984 596 1149 657 infantibus.

151 681 359 743 enterocelicis
377 679 460 755 datur
475 698 514 739 ex
530 696 604 758 aqua
625 688 655 738 et
676 679 802 739 inlinitur
822 681 942 739 vesicae
961 681 1048 740 vitiis.
1078 685 1173 760 peu-s'

151 767 254 827 aedani
270 782 356 825 sucus
371 763 518 823 infantium
534 764 626 822 ramiti
649 771 679 822 et
701 761 844 822 umbilicis
859 763 1049 823 eminentibus
1070 765 1151 844 psyl-

107 851 214 916 8olion
229 849 365 909 inlinitur.
403 847 512 907 urinam
528 848 605 907 cient
628 845 823 924 anagallides,
845 848 925 906 acori
939 847 1046 908 radicis
1061 847 1150 909 daco*

151 943 227 995 ctum
242 930 290 1002 vel
306 932 370 1008 ipsa
385 931 451 990 trita
466 938 611 1009 potaque,
627 938 657 989 et
671 930 765 991 omnia
779 932 899 990 vesicae
913 931 1151 1008 vitia,·oalcnlos

151 1026 180 1077 et
200 1014 290 1075 herba
311 1023 339 1074 et
360 1013 443 1073 radix
458 1013 645 1089 cotyledonis
667 1015 793 1092 itemque
813 1015 979 1091 genitalium
995 1014 1150 1076 inflamma·¹

150 1102 258 1160 tionem
285 1115 398 1158 omnem
424 1098 488 1176 pari
515 1096 647 1178 pondere
668 1097 760 1158 caulis
785 1106 815 1157 et
836 1098 953 1157 seminis
974 1107 1004 1157 et
1025 1116 1149 1160 murrae.
1160 1110 1186 1166 aa

107 1195 140 1249 81
153 1183 277 1243 Ebulum
292 1192 422 1242 tenerum
446 1199 510 1241 cuna
526 1181 605 1241 loliis
626 1183 722 1242 tritum
749 1199 786 1240 ex
811 1182 878 1241 vino
899 1191 997 1260 potum
1019 1183 1151 1244 calculos

151 1267 251 1346 pellit,
273 1267 429 1345 inpositum
444 1264 526 1325 testis
546 1272 636 1325 sanat.
677 1266 815 1341 erigeron
834 1282 952 1344 quoque
973 1283 1037 1325 cnm
1058 1267 1151 1327 farina

150 1352 221 1412 turis
242 1360 271 1410 et
292 1353 359 1410 vino
384 1349 461 1410 dulci
481 1350 598 1423 testium
617 1347 852 1409 inflammationes
878 1358 968 1408 sanat.
1004 1350 1151 1428 symphyti

117 1469 119 1475 2
149 1435 233 1497 radix
254 1434 333 1495 inlita
356 1432 540 1494 enterocelas
558 1431 692 1509 cohibet,
715 1433 882 1510 genitalium
901 1450 1002 1492 nomas
1028 1433 1150 1513 hypoci-

150 1520 222 1580 sthis
238 1519 314 1580 alba.
352 1516 508 1576 Artemisia
524 1531 640 1595 quoqne
659 1515 741 1577 datur
761 1525 864 1576 contra·
878 1517 1008 1577 calculos
1029 1535 1067 1577 ex
1081 1519 1150 1578 vino
1161 1524 1185 1577 ut

141 1603 226 1663 dulci
243 1612 272 1662 et
288 1601 323 1661 ad
342 1601 544 1676 stranguriam,
562 1598 681 1660 dolores
695 1601 814 1660 vesicae
830 1601 911 1661 sedat
932 1618 970 1660 ex
984 1603 1052 1661 vino
1067 1601 1152 1662 radix

150 1685 331 1762 nymphaeae
346 1683 510 1742 Heracliae.

106 1781 141 1835 aa
216 1768 301 1845 (50.)
324 1765 434 1826 Eadem
450 1767 494 1825 vis
518 1764 648 1827 crethmo
670 1766 705 1826 ab
718 1767 897 1846 Hippocrate
919 1767 1069 1829 admodum
1089 1768 1150 1829 lan·

150 1852 245 1929 datae.
277 1859 322 1911 est
337 1858 431 1910 autem
446 1851 521 1909 inter
542 1867 593 1910 eas
617 1868 691 1929 qnae
715 1851 837 1910 eduntur
856 1851 1030 1912 silvestrium
1043 1851 1150 1913 herba-

150 1954 228 2011 rum,
242 1969 285 1982 -
299 1932 375 1995 hanc
399 1942 479 1994 certe
503 1933 579 2012 apud
603 1932 808 1995 Callimachum
832 1935 950 2014 adponit
969 1937 1076 1996 rustica
1099 1935 1186 1997 illanc

149 2019 270 2096 Hecale,
283 2051 327 2066 --
341 2020 517 2096 speciesque
533 2018 648 2095 plantae
663 2016 840 2078 hortensiae.
877 2020 967 2080 caulis
988 2038 1073 2079 nunna
1088 2020 1150 2098 pal·

149 2121 224 2163 mum
239 2103 327 2180 altus,
351 2119 450 2162 semen
465 2103 596 2177 fervens,
614 2101 765 2161 odoratum
780 2120 835 2162 oen
850 2102 1032 2180 libanotidis,
1052 2112 1150 2164 rotun·

150 2189 223 2261 dnm,
240 2188 378 2247 siccatum
390 2186 540 2264 rumpitur,
555 2184 643 2245 habet
657 2186 733 2246 intus
744 2185 878 2246 nucleum
890 2188 1048 2264 candidum,
1065 2205 1151 2266 quem

149 2271 237 2348 aliqui
260 2269 395 2346 cachrym
409 2276 526 2328 vocant.
559 2269 632 2328 lolia
654 2269 770 2348 pinguia
787 2269 913 2330 albicant
933 2271 1021 2331 veluti
1043 2270 1149 2347 olivae,

150 2355 297 2415 crassiora
312 2364 341 2414 et
356 2353 434 2413 salsa
449 2360 551 2430 gustu,
567 2352 683 2412 radices
705 2352 787 2430 digiti
808 2355 999 2415 crassitudine
1019 2364 1080 2414 tres
1102 2360 1183 2415 antr't

106 2446 297 2519 saquattnor.
328 2437 456 2498 nascitur
473 2436 502 2494 in
522 2437 668 2496 maritimis
689 2439 825 2515 petrosis.
858 2447 937 2498 estur
959 2437 1077 2499 crudum
1100 2457 1150 2497 co·

152 2533 267 2583 ctumve
281 2540 344 2582 cum
356 2521 447 2597 olere,
465 2519 579 2580 odorati
595 2523 710 2599 saporis
726 2530 754 2580 et
769 2522 893 2583 iucundi.
916 2532 1047 2582 servatur
1064 2523 1150 2582 etiam

148 2609 177 2672 in
192 2608 282 2668 maria
299 2606 451 2687 praecipui
472 2622 542 2664 usus
566 2604 602 2664 ad
622 2607 812 2683 stranguriam
833 2606 906 2667 lolio
926 2607 974 2666 vel
997 2605 1081 2666 caule
1102 2605 1150 2666 vel

148 2690 246 2751 radice
268 2709 306 2756 ex
329 2692 407 2751 vino.
447 2687 579 2748 colorem
602 2706 717 2767 quoque
742 2692 877 2768 corporis
898 2691 1055 2767 gratiorem
1070 2689 1150 2766 iacit,

149 2792 249 2833 verum
264 2774 374 2851 largior
390 2771 563 2831 inflationes.
599 2771 694 2831 alvom
709 2772 797 2833 solvit
811 2774 949 2853 decocto,
964 2775 1072 2833 urinam
1087 2782 1117 2832 et
1130 2774 1184 2836 aaa

149 2856 268 2917 renibus
290 2873 420 2916 umorem
443 2852 529 2913 trahit
551 2855 625 2913 sicut
646 2855 768 2916 alcimae
788 2861 886 2919 siccae
907 2859 998 2918 iariua
1027 2859 1055 2916 in
1079 2857 1149 2917 vino

149 2949 229 3020 pota,
246 2940 436 3017 stranguriam
452 2937 601 2996 eilicacius
615 2936 711 2998 addito
728 2940 830 3002 dauco.
854 2942 921 3002 lieni
937 2959 1053 3021 quoque
1070 2941 1149 3001 utilis

150 3022 289 3085 adversus
314 3020 461 3101 serpentis
484 3018 607 3095 bibitur,
634 3021 766 3084 iumentis
788 3043 904 3105 qnoque
924 3028 953 3084 in
977 3026 1078 3104 pituita
1102 3035 1150 3085 aut

150 3108 329 3185 stranguria,
345 3105 456 3167 hordeo
472 3104 605 3182 inspersa
620 3110 770 3168 succurrit.

104 3203 141 3258 84
218 3193 302 3272 (51.)
326 3188 494 3264 Anthyllion
519 3196 564 3246 est
586 3187 655 3247 lenti
675 3192 815 3254 simillima
837 3212 912 3272 quae
940 3195 968 3254 in
988 3194 1055 3254 vino
1079 3201 1181 3271 potans

149 3279 265 3337 vesicas
282 3278 359 3341 vitiis
375 3273 495 3348 liberat,
517 3273 686 3348 sanguinem
709 3278 794 3344 sistit.
834 3279 925 3338 altera
947 3285 992 3337 ost
1013 3275 1148 3352 anthyllis

150 3361 369 3504 charpaepityos
390 3354 508 3432 similis,
535 3354 608 3415 llore
624 3374 787 3441 purpureo,
816 3361 907 3422 odore
924 3361 1022 3439 gravi,
1050 3359 1148 3420 radice

150 3445 207 3504 into
228 3447 247 3502 i.
356 3480 374 3513 .
