2400 3840
131 203 192 265 296
473 215 504 263 e.
521 216 617 264 nunu
633 213 784 263 anouuor

127 376 320 448 terpretantur
337 369 575 449 calliblepharum
591 366 782 446 appellantes.
811 368 938 445 gaudent
952 376 981 426 et
997 371 1131 445 peregri·

126 453 242 512 natione
266 453 474 531 transferrique
503 455 531 512 in
558 454 675 529 ignotas
701 469 801 528 aquas.
840 453 884 511 sic
907 450 1078 512 Brundisina
1102 453 1131 511 in

129 535 247 595 Auerno
269 546 409 615 conpasta
425 545 455 596 et
476 553 557 596 suum
572 536 699 596 retinere
715 553 814 594 sucum
835 543 865 594 et
888 553 903 594 a
918 534 1043 594 Lucrino
1060 535 1129 595 ado·

85 628 119 682 62
130 629 212 696 ptare
230 620 394 681 creduntur.
424 620 505 681 llaec
527 620 582 678 sint
597 617 673 678 dicta
686 617 722 676 de
737 635 875 697 corpore,
898 620 1024 678 dicemus
1041 625 1071 678 et
1091 618 1129 678 de

127 703 299 780 nationibus,
314 722 352 763 ue
363 703 530 764 fraudentur
543 701 636 779 gloria
653 719 704 761 sua
717 701 813 778 litora,
828 702 881 761 sed
890 702 1020 761 dicemus
1033 700 1151 762 alienas

126 786 224 863 lingna
237 804 370 864 quaeque
383 786 555 863 peritissima
567 783 650 844 huius
660 802 801 846 censurae
814 787 842 843 in
858 793 959 844 nostro
975 801 1051 844 aevo
1067 784 1129 844 luit.

128 878 192 940 sunt
204 869 408 946 ergolluciani
418 868 518 943 verba,
530 885 604 947 quae
617 867 772 928 subiciam:
790 867 972 943 Cyzicena
989 869 1130 927 maiora

126 952 315 1026 anrinis,
342 951 507 1011 dulciora
534 951 781 1027 Britannicis,
810 951 983 1010 suaviora
1005 950 1129 1011 lledu·

127 1035 208 1109 liis,
245 1035 393 1094 acriora
424 1032 620 1112 Ephesiis,
665 1035 834 1112 plenoria
864 1032 1128 1108 Iliciensibus,

128 1116 1162 1196 siccioraGoryphantenis,teneriorallistricis,cau-ro

85 1198 584 1264 calidioracireeiensibus.
605 1200 1129 1280 sedhisnequedulcioranc·

128 1284 916 1363 quetenerioraesseullaconpertumest.
944 1282 1128 1343 inludioo

126 1369 216 1426 mari
233 1367 441 1428 Alexandri
462 1385 582 1428 rerum
603 1376 781 1428 auctores
799 1367 943 1445 pedalia
966 1366 1130 1426 inveniri

128 1450 348 1529 prodidere,
373 1470 441 1511 nec
463 1468 531 1511 non
553 1452 651 1510 inter
677 1469 743 1511 nos
769 1451 919 1529 nepotis
942 1450 1130 1511 cuiusdam

128 1529 1160 1613 nomenclatortridaenaappellavit,rancaeamplias-‘u

128 1616 224 1677 diuis
248 1617 427 1694 intellegi
454 1619 610 1695 cupiens
635 1627 671 1676 ut
692 1626 749 1677 ter
770 1616 968 1677 mordenda
989 1625 1128 1675 essent.

86 1709 122 1764 64
132 1699 193 1759 Dos
204 1718 303 1760 eorum
315 1701 426 1759 medica
438 1701 495 1760 boo
511 1702 539 1759 in
554 1701 622 1760 loco
636 1709 697 1761 tota
711 1700 837 1761 dicetur:
854 1699 1031 1760 stomachum
1044 1701 1130 1759 unice

128 1784 272 1856 reficiunt,
289 1782 410 1841 fastidiis
425 1783 585 1858 medentur,
608 1783 769 1861 addiditque
786 1785 896 1845 luxuria
911 1783 1002 1860 frigus
1018 1782 1129 1842 obrutis

128 1867 206 1940 nive,
226 1882 334 1925 summa
350 1867 486 1925 montium
500 1875 529 1925 et
543 1866 629 1924 maris
644 1867 697 1926 ima
712 1871 846 1927 miscens.
868 1866 1018 1927 emolliunt
1032 1866 1129 1926 alvom

128 1945 245 2008 leniterss
276 1949 436 2028 eademque
459 1959 542 2009 cocta
560 1966 623 2008 oum
643 1950 736 2009 mulso
752 1961 882 2010 tenesmo
899 1950 946 2029 qni
963 1951 1027 2008 sine
1046 1949 1161 2024 exul-ao

129 2034 277 2092 ceratione
300 2033 336 2092 sit
358 2031 490 2092 liberant.
519 2033 680 2092 vesicarum
701 2032 800 2092 ulcera
823 2050 938 2113 quoque
960 2042 1127 2110 repurgant.

130 2125 213 2174 cocta
228 2116 256 2173 in
272 2115 391 2175 conchis
408 2118 466 2175 suis
489 2118 530 2175 uti
551 2116 632 2175 clusa
647 2117 778 2175 uenerint
798 2118 869 2175 mire
885 2115 1128 2175 destillationibus

87 2207 258 2275 65prosunt.
288 2198 395 2257 Testae
418 2208 580 2258 ostreorum
602 2200 673 2258 cinis
694 2217 777 2258 uvam
791 2198 874 2258 sedat
890 2207 918 2257 et
932 2197 1065 2258 tonsillas
1080 2199 1128 2258 ad·
1156 2213 1161 2229 ¹

113 2281 217 2338 'mixto
233 2279 337 2355 melle,
360 2281 464 2340 eodem
484 2281 570 2340 modo
591 2282 754 2358 parotidas,
776 2299 868 2360 panos
888 2299 1128 2359 mammarumque

130 2361 262 2438 duritias,
280 2363 404 2441 capitum
420 2363 519 2424 ulcera
535 2383 572 2423 ex
588 2382 677 2442 aqua,
694 2373 844 2441 cutemque
860 2366 1008 2424 mulierum
1027 2374 1126 2423 exten·
1137 2380 1161 2421 as

89 2487 91 2491 «
130 2445 179 2504 dit.
209 2447 385 2524 inspergitur
409 2455 438 2507 et
454 2446 602 2526 ambustis,
619 2458 648 2508 et
663 2447 824 2508 dentifricio
842 2449 948 2525 placet.
973 2447 1130 2526 pruritibus

131 2545 247 2605 quoque
265 2539 293 2588 et
308 2531 506 2608 eruptionibus
524 2531 641 2608 pituitae
659 2550 696 2591 ex
711 2540 797 2592 aceto
811 2532 951 2591 medetur.
981 2530 1088 2591 crudae
1105 2531 1130 2588 si

128 2609 290 2688 tundantur,
302 2623 424 2674 strumas
437 2623 538 2675 sanant
549 2624 578 2674 et
591 2615 747 2692 perniones
760 2613 874 2692 pedum.
896 2614 1044 2692 Purpurae
1057 2631 1128 2692 quo·

129 2712 185 2771 que
201 2705 301 2757 contra
316 2716 427 2757 venena
446 2708 576 2776 prosunt.

87 2785 121 2841 66
194 2778 277 2857 (22.)
307 2780 344 2840 llt
367 2782 461 2858 algam
485 2784 572 2841 maris
597 2781 743 2840 theriacen
771 2799 838 2840 esse
863 2779 1008 2839 Nicander
1032 2777 1163 2842 traditae

87 2860 243 2938 umaplura
260 2865 320 2922 eius
334 2883 461 2941 genera,
483 2866 523 2924 uti
539 2864 674 2925 diximus:
698 2862 787 2941 longo
803 2863 874 2924 iolio
890 2872 919 2922 et
933 2862 1071 2938 rubente,
1088 2861 1128 2921 la·

129 2944 205 3003 tiore
220 2945 276 3005 alia
288 2947 336 3007 vel
354 2949 462 3025 crispo.
491 2947 685 3007 laudatissima
704 2965 777 3024 quae
793 2949 822 3006 iu
840 2946 925 3006 Creta
941 2945 1034 3006 insula
1049 2947 1130 3004 iuxta

130 3033 236 3088 terram
254 3029 281 3087 in
303 3032 394 3107 petris
416 3032 544 3090 nascitur
564 3029 727 3107 tinguendis
742 3032 826 3090 etiam
848 3030 920 3090 lanis
935 3031 975 3089 ita
997 3027 1129 3089 colorem

130 3110 261 3188 adligans
273 3122 306 3174 ⁴ut
322 3112 378 3172 elui
394 3122 498 3191 postea
512 3130 571 3172 non
587 3114 690 3190 possit.
718 3132 734 3172 e
750 3114 816 3173 vino
834 3113 913 3173 iubet
929 3130 991 3173 earn
1006 3112 1078 3171 dari.

88 3199 120 3255 67
194 3197 223 3254 7.
249 3195 332 3273 (23.)
356 3196 516 3274 Alopecias
527 3195 623 3273 replet
633 3195 819 3275 hippocampi
831 3198 903 3256 einis
913 3197 988 3255 nitro
1002 3205 1031 3256 et
1042 3195 1129 3273 adipe
1139 3214 1164 3255 as

129 3276 215 3336 suillo
229 3281 333 3338 mixtus
342 3288 390 3339 aut
400 3281 531 3339 sincerus
544 3299 580 3339 ex
589 3289 684 3356 aceto,
695 3289 849 3359 praeparat
860 3288 953 3339 autem
965 3280 1131 3356 saepiarum

130 3369 242 3420 crustae
258 3363 350 3421 lerina
364 3362 580 3422 medicamentis
596 3372 700 3438 cutem,
716 3364 812 3442 replet
826 3372 854 3422 et
869 3365 956 3421 muris
973 3363 1074 3421 marini
1090 3363 1130 3422 ci·

129 3442 173 3502 nis
184 3461 247 3503 cum
258 3445 336 3520 oleo,
352 3447 418 3504 item
436 3447 531 3506 echini
545 3464 607 3506 cum
620 3447 755 3506 carnibus
771 3447 829 3506 suis
845 3448 972 3522 cremati,
990 3445 1031 3505 lel
1046 3461 1129 3506 scor·
