2400 3840
125 174 185 237 196
476 186 784 235 commanebam

123 339 202 419 llagi
226 342 333 401 verrini
358 341 494 418 genitalis
523 342 622 401 cinere
645 350 717 420 poto
743 359 781 401 ex
800 345 868 401 vino
895 340 973 401 dulci
999 339 1121 402 demon·

118 434 214 485 strant
242 426 350 485 urinam
373 425 474 485 iacere
495 426 524 484 in
543 427 623 485 oanis
649 424 736 485 cubili
757 442 794 484 ac
813 425 903 485 verba
922 423 1060 501 adicere,
1083 442 1121 485 ue

124 511 189 586 ipse
204 511 312 568 urinam
327 509 413 568 iaciat
429 519 458 568 ut
474 510 552 568 canis
573 511 602 568 in
620 525 672 567 suo
689 507 785 567 cubili.
817 527 917 568 rursus
935 509 992 568 ciet
1006 509 1120 569 urinam

124 595 222 653 vesica
238 594 307 667 suis,
327 594 351 651 si
366 601 471 652 terram
488 610 545 652 non
565 592 705 668 attigerit,
721 594 846 670 inposita
865 591 944 670 pubi.

80 685 132 741 216
196 676 280 754 (bh)
302 676 386 735 Sedis
411 677 486 734 vitiis
511 676 664 754 praeclare
689 675 809 753 prodest
834 675 876 734 iel
901 675 1027 735 ursinum
1056 691 1144 735 cums

123 759 218 838 adipe.
248 759 361 837 quidam
376 758 500 818 adiciunt
519 777 647 838 spumam
669 761 782 835 argenti
805 777 840 820 ac
860 767 916 819 tus.
948 759 1072 837 prodest
1092 768 1122 822 el

123 843 255 918 butyrum
271 860 335 902 cum
350 841 435 920 adipe
456 845 590 902 anserino
613 860 648 902 ae
665 859 799 902 rosaceo.
828 841 942 902 modum
964 843 1050 921 ipsae
1070 861 1120 902 res

123 935 266 1002 statuunt,
282 935 312 985 ut
334 926 389 983 siut
407 925 488 985 inlitu
508 925 621 985 faciles.
650 927 803 1005 praeclare
824 925 956 985 medetur
974 935 1005 985 et
1031 926 1119 986 tauri

122 1027 187 1069 num
202 1008 244 1067 iel
258 1009 285 1065 in
301 1007 428 1067 linteolis
445 1011 627 1087 concerptis,
648 1012 793 1088 rimasque
807 1009 939 1087 perducit
953 1007 990 1068 ad
1006 1010 1120 1069 cicatri-

123 1102 198 1151 cem:
229 1091 421 1151 inflationibus
439 1094 466 1151 in
482 1111 516 1152 ea
532 1102 613 1172 parte
629 1093 729 1153 sebum
747 1093 845 1168 vituli,
866 1109 999 1152 maxume
1020 1091 1059 1152 ab
1078 1094 1149 1151 ino

122 1173 273 1252 guinibus,
295 1192 358 1234 cum
372 1184 450 1251 ruta,
476 1178 582 1236 ceteris
604 1178 682 1237 vitiis
703 1176 834 1236 medetur
850 1177 966 1253 sanguis
981 1177 1120 1254 caprinus

123 1276 186 1318 cum
201 1258 333 1337 polenta,
348 1261 416 1319 item
433 1259 475 1320 iel
498 1262 645 1339 caprinum
664 1260 874 1334 condylomatis
895 1277 950 1338 per
969 1276 1022 1334 se,
1051 1260 1120 1319 item

82 1351 132 1407 217
145 1342 185 1401 iel
206 1342 332 1420 lupinum
348 1362 385 1403 ex
408 1346 484 1403 vino.
515 1344 610 1403 Panos
632 1353 663 1404 et
683 1350 864 1423 apostemata
883 1344 912 1401 in
936 1359 1120 1422 quacumque

122 1435 205 1504 parte
232 1429 345 1486 ursinus
374 1429 492 1504 sanguis
516 1428 646 1505 discutit,
668 1429 737 1487 item
755 1428 882 1487 taurinus
904 1426 1002 1485 aridus
1024 1427 1119 1485 tritus.

123 1513 310 1589 praecipuum
325 1520 420 1570 tamen
434 1511 591 1570 remedium
601 1511 721 1571 traditur
736 1511 765 1569 in
781 1510 895 1570 calculo
911 1510 1016 1586 onagri
1031 1526 1149 1587 quemn

122 1592 236 1667 dicitur,
255 1597 319 1652 conl
329 1593 525 1669 interficiatur,
539 1594 665 1654 reddere
678 1595 759 1652 urina
771 1593 952 1671 liquidiorem
965 1593 1050 1652 initio
1068 1592 1121 1653 sed

122 1676 151 1734 iu
166 1684 243 1734 terra
258 1677 431 1753 spissantem
446 1694 489 1735 se.
518 1676 566 1735 hic
581 1677 754 1753 adalligatus
767 1677 864 1736 femini
879 1678 971 1736 omnis
993 1677 1121 1754 impetus

122 1756 237 1816 discutit
262 1761 396 1834 omnique
419 1761 626 1836 suppuratione
646 1761 758 1823 liberat.
795 1770 841 1819 est
862 1768 957 1820 autem
973 1775 1057 1819 rarus
1078 1761 1119 1819 in·

122 1849 209 1899 ventu
224 1857 279 1899 nec
294 1859 331 1899 ex
348 1843 423 1900 omni
441 1858 567 1917 onagro,
584 1843 636 1902 sed
651 1842 762 1903 celebri
782 1843 921 1904 remedio.
951 1842 1077 1922 prodest
1091 1852 1120 1902 et

122 1925 201 1984 urina
218 1924 287 1983 asini
303 1943 367 1984 cum
382 1925 536 1984 melanthio
557 1935 586 1985 et
601 1926 724 2003 ungulae
737 1929 860 2005 equinae
882 1928 953 1986 cinis
968 1943 1034 1986 cum
1049 1926 1151 1986 oleoso

124 2016 154 2066 et
171 2026 245 2086 aqua
259 2008 371 2085 inlitus,
396 2011 514 2086 sanguis
529 2013 605 2089 eqni,
621 2012 780 2089 praecipue
801 2010 978 2086 admissarii,
1000 2011 1121 2087 sanguis

80 2091 276 2168 dlbbubulus,
295 2094 362 2174 item
377 2093 426 2153 iel.
463 2111 531 2153 caro
545 2111 661 2172 quoque
679 2094 799 2154 eosdem
815 2095 937 2153 effectus
957 2091 1048 2152 babet
1072 2111 1120 2156 oa-

123 2174 179 2234 lida
196 2177 318 2251 inposita
341 2185 370 2234 et
392 2177 515 2252 ungulae
531 2179 602 2236 cinis
623 2196 660 2236 ex
676 2195 748 2256 aqua
765 2186 813 2237 aut
834 2177 938 2253 melle,
965 2177 1049 2235 urina
1071 2193 1119 2236 ca·

122 2275 247 2335 prarnm,
263 2259 407 2317 hircorum
424 2276 540 2336 quoque
555 2278 658 2320 carnes
674 2260 703 2320 iu
713 2278 787 2339 aqua
802 2259 943 2320 decoctae
957 2266 1006 2319 aut
1022 2259 1120 2319 limum

124 2359 162 2400 ex
189 2339 233 2398 his
256 2358 320 2399 oum
343 2341 429 2400 melle
453 2342 620 2419 decoctum,
647 2344 687 2404 iel
703 2346 858 2421 verrinum,
888 2346 969 2403 urirva
990 2360 1072 2401 suum
1090 2343 1153 2403 inas

123 2423 186 2483 lana
208 2425 344 2501 inposita.
379 2424 502 2486 Femora
525 2429 609 2486 atteri
630 2428 770 2505 adurique
794 2429 920 2505 equitatu
942 2433 1040 2485 notum
1062 2434 1118 2486 est.

121 2507 300 2568 utilissimum
327 2509 426 2569 estad
447 2512 538 2570 omnis
558 2511 624 2570 inde
647 2529 749 2571 causas
769 2527 896 2590 spumam
919 2511 986 2588 oqui
1006 2527 1045 2569 ex
1066 2526 1121 2569 ore

121 2592 284 2667 inguinibus
300 2593 431 2653 inlinere.
452 2594 571 2672 Inguina
588 2604 616 2654 et
628 2613 664 2654 en
676 2595 804 2654 ulcerum
817 2611 904 2654 causa
915 2595 1120 2653 intumescunt.

36 2740 39 2745 ⁸
120 2675 249 2815 rpmedio
273 2686 339 2736 sunt
360 2679 426 2756 equi
448 2690 547 2738 saetae
567 2688 627 2738 tres
647 2678 765 2738 totidem
781 2677 863 2738 nodis
887 2676 1031 2752 adligatus
1045 2678 1122 2737 intra

121 2774 212 2815 ucns.
1129 2769 1153 2813 so

81 2849 133 2904 219
199 2841 246 2899 16.
271 2842 354 2920 (62.)
378 2844 518 2919 Podagris
539 2846 669 2905 medetur
690 2847 803 2906 ursinus
820 2845 903 2922 adips
920 2843 1121 2923 taurinumque

123 2921 222 2980 sebum
244 2926 305 2999 pari
324 2926 455 3001 pondere
470 2936 499 2986 et
516 2945 613 2986 cerae.
636 2928 741 2989 addunt
755 2929 867 3008 quidam
883 2927 1120 3006 hypocisthidem

123 3014 151 3064 et
166 3004 280 3082 gallam.
311 3007 358 3066 alii
379 3008 518 3068 hircinum
539 3011 706 3088 praeferunt
722 3013 823 3073 sebum
841 3030 905 3073 cum
925 3012 991 3070 limo
1010 3029 1120 3093 cepnae

123 3098 151 3148 et
167 3106 255 3149 croco
272 3091 403 3169 sinapive
419 3093 467 3151 vel
488 3094 616 3153 caulibus
634 3095 760 3157 hederae
777 3099 851 3156 tritis
872 3114 907 3156 sc
923 3094 1055 3174 perdicio
1070 3095 1120 3155 vel

122 3174 195 3233 llore
212 3176 373 3234 cucumeris
388 3175 546 3253 silvestris,
561 3181 628 3239 itam
644 3181 728 3240 bovis
745 3182 837 3240 limum
853 3198 915 3240 cum
930 3181 1007 3240 aceti
1021 3179 1154 3242 faeces

80 3259 323 3334 momagniucant
342 3269 369 3318 et
391 3260 472 3318 vituli
496 3263 543 3339 qni
560 3263 683 3323 nondum
703 3264 821 3324 herbam
842 3263 1003 3341 gustaverit
1023 3264 1120 3323 limum

123 3351 170 3400 aut
186 3361 239 3420 per
255 3362 287 3402 se
305 3345 473 3420 sanguinem
491 3347 579 3422 tauri,
602 3348 720 3426 volpem
736 3350 886 3409 decoctam
906 3347 1001 3406 vivam
1022 3346 1119 3406 donec

124 3438 191 3485 ossa
210 3435 315 3486 tautum
332 3436 453 3505 restent,
470 3429 605 3509 lupumve
621 3434 718 3491 vivom
738 3431 806 3491 oleo
828 3433 918 3491 cerati
933 3429 1019 3490 modo
1036 3431 1118 3488 inco·
