2400 3840
354 197 436 245 unu.
455 197 546 246 rursu.
563 197 676 246 xxxu.
695 198 719 249 1.
736 196 760 248 2.
781 187 900 264 (1—6.)
1058 189 1120 251 287

184 352 245 430 (4.)
266 350 336 412 Iuba
352 352 382 410 in
397 352 433 409 iis
448 351 640 412 voluminibus
650 370 724 429 quae
737 353 854 430 scripsit
870 350 1161 418 adG.0aesarem10

117 436 242 512 Augusti
258 435 344 494 lilium
357 435 393 494 de
401 433 509 494 Arabia
521 435 606 495 tradit
620 435 735 494 mitulos
746 444 843 495 ternas
855 435 983 497 heminas
1000 455 1118 516 capere,

119 528 202 579 cetos
220 527 424 601 sexcentorum
438 518 542 595 pedum
565 518 751 595 longitudinis
770 526 799 578 et
821 527 1016 580 trecentorum
1034 539 1117 580 sexa·

115 603 196 679 ginta
222 600 377 660 latitudinis
403 601 431 659 in
453 600 558 661 flumen
578 601 704 662 Arabiae
730 603 854 661 intrasse
875 603 1031 682 pinguique
1056 605 1118 663 eius

90 711 103 748 s
115 692 296 744 mercatores
308 684 481 761 negotiatos,
497 693 526 744 et
538 687 661 744 omniurn
673 686 793 765 piscium
809 685 893 765 adipe
907 688 1034 747 camelos
1051 705 1117 767 per·

114 769 204 844 ungui
218 769 248 826 in
264 785 300 827 eo
317 770 372 826 situ
389 775 419 825 ut
434 767 524 828 asilos
540 767 577 826 ab
591 770 626 827 iis
643 769 745 845 lugent
761 769 862 829 odore.

178 852 206 914 2.
232 851 295 930 (5.)
312 848 520 911 blihividentur
534 853 605 911 mira
612 860 641 911 et
648 870 722 930 quae
734 851 853 913 Ovidius
861 854 1113 932 prodiditpiscium
1126 864 1158 916 11

112 936 230 1011 ingenia
245 937 273 993 in
291 951 327 994 eo
342 934 486 994 volumine
509 934 586 1013 quod
603 934 785 996 Halieuticon
800 937 978 997 inscribitur:
1003 954 1117 997 scarum

113 1017 254 1078 inclusum
273 1019 367 1078 nassis
389 1035 446 1078 non
468 1018 565 1077 fronte
586 1035 738 1098 erumpere
759 1037 814 1078 nec
835 1020 948 1080 infestis
964 1019 1116 1079 viminibus

75 1109 203 1180 rocaput
226 1103 373 1178 inserere,
396 1101 448 1160 sed
466 1119 597 1161 aversum
620 1101 728 1162 caudae
751 1101 856 1172 ictibus
882 1102 993 1163 crebris
1016 1104 1115 1164 laxare

112 1186 194 1245 iores
216 1194 302 1262 atque
325 1186 363 1244 ita
382 1192 540 1244 retrorsum
563 1202 704 1261 erepere,
735 1202 821 1264 quem
844 1186 981 1247 luctatum
1003 1189 1066 1245 eius
1091 1188 1116 1245 si

111 1270 189 1329 forte
211 1269 284 1328 alius
307 1285 407 1348 scarus
428 1269 610 1328 extrinsecus
633 1267 743 1345 videat,
764 1268 946 1346 adprehensa
970 1269 1115 1329 mordicus

113 1351 203 1413 cauda
227 1352 363 1411 adiuvare
384 1352 463 1411 nisus
487 1353 673 1429 erumpentis.
703 1352 801 1430 lupum
824 1361 887 1410 rete
911 1352 1115 1412 circumdatum

111 1437 236 1497 harenas
252 1453 335 1496 arare
351 1434 441 1496 cauda
455 1444 541 1514 atque
556 1436 593 1495 ita
616 1434 701 1494 condi
721 1435 785 1495 dom
801 1443 928 1496 transeat
948 1443 1022 1495 rete.
1053 1449 1157 1501 mn-12

73 1538 210 1580 surenam
235 1519 363 1579 maculas
388 1519 527 1596 adpetere
552 1519 631 1597 ipsas
661 1521 808 1579 consciam
828 1519 929 1579 teretis
951 1536 986 1578 ac
1011 1517 1114 1579 lubrici

111 1604 204 1680 tergi,
230 1621 293 1662 cum
308 1601 458 1680 multiplici
481 1603 558 1662 llexu
581 1602 696 1678 laxare,
717 1601 811 1662 donee
832 1601 945 1662 euadat.
976 1602 1114 1680 polypum

111 1687 211 1747 hamos
227 1687 365 1766 adpetere
383 1685 584 1764 bracchiisque
599 1686 757 1765 conplecti,
770 1704 829 1746 non
842 1702 952 1761 morsu,
965 1703 1021 1745 nee
1034 1687 1114 1764 prius

111 1771 254 1831 dimittere
276 1787 360 1848 quam
382 1787 479 1830 escam
500 1771 717 1830 circumroserit
740 1779 788 1831 aut
807 1770 965 1830 harundine
987 1769 1113 1829 levatum

111 1861 193 1912 extra
207 1870 319 1930 aquam.
350 1854 406 1913 seit
429 1862 458 1914 et
476 1854 564 1930 mugil
588 1873 655 1914 esse
673 1855 702 1912 in
719 1872 788 1914 esca
807 1853 919 1913 hamum
936 1852 1113 1930 insidiasque

73 1949 101 1991 oo
111 1953 168 1995 non
182 1937 308 2012 ignorat,
322 1936 442 1996 aviditas
456 1947 551 1997 tamen
566 1945 644 1996 tanta
657 1946 702 1995 est
715 1947 745 1996 ut
761 1937 852 1996 cauda
864 1934 1050 1995 verberando
1063 1953 1112 1994 ex·

111 2019 198 2077 cutiat
213 2016 314 2076 eibum.
337 2020 428 2076 minus
441 2020 472 2077 in
486 2017 667 2096 providendo
685 2018 770 2096 lupus
787 2017 935 2078 sollertiae
946 2017 1044 2093 habet,
1057 2019 1109 2077 sed
1121 2032 1155 2084 13

111 2116 243 2175 magnum
260 2098 351 2158 robur
368 2101 397 2158 in
412 2100 596 2177 paenitendo.
627 2118 691 2160 nam
707 2102 731 2160 si
745 2101 839 2161 haesit
854 2103 882 2160 in
898 2100 994 2175 hamo,
1011 2099 1111 2159 tumul·

110 2193 195 2244 tuoso
217 2181 349 2241 discussu
373 2182 451 2242 laxat
470 2184 591 2244 volnera
611 2184 706 2245 donee
726 2185 861 2245 excidant
884 2182 1014 2244 insidiae.
1052 2201 1110 2243 mu-

111 2283 198 2326 renae
214 2265 336 2345 amplius
352 2265 493 2326 devorant
507 2284 591 2345 quam
614 2267 743 2344 hamum,
763 2269 917 2329 admovent
932 2267 1064 2328 dentibus
1079 2267 1111 2327 li-

74 2370 101 2410 as
111 2353 173 2410 uias
188 2358 275 2428 atque
290 2349 328 2407 ita
344 2348 474 2409 erodunt.
496 2350 618 2411 anthiam
628 2353 714 2412 tradit
723 2354 799 2414 idem
813 2354 901 2413 inliso
917 2351 1000 2412 hamo
1014 2352 1109 2411 iuver·
1177 2376 1182 2386 ·

110 2443 173 2494 tere
191 2451 239 2508 se,
262 2433 395 2511 quoniam
417 2433 453 2491 sit
475 2435 504 2492 in
521 2433 609 2493 dorso
627 2435 772 2495 cultellata
790 2437 884 2513 spina,
905 2453 998 2512 eaque
1014 2434 1110 2496 liniam

109 2533 296 2597 praesecare.
327 2515 452 2576 licinius
469 2515 567 2576 blaoer
589 2536 721 2579 murenas
741 2519 869 2578 feminini
891 2527 997 2579 tantum
1020 2536 1107 2578 sexus
1119 2531 1152 2584 14

111 2619 178 2660 esse
190 2600 275 2659 tradit
286 2607 315 2658 et
328 2599 484 2679 concipere
498 2619 513 2660 e
529 2600 723 2680 serpentibus,
735 2610 765 2661 ut
776 2602 909 2679 diximus,
922 2601 960 2662 ob
974 2601 1003 2661 id
1017 2600 1152 2664 sibilasse

109 2702 126 2743 a
141 2681 334 2762 piscatoribus
349 2692 492 2761 tamquam
505 2702 521 2743 a
535 2684 718 2761 serpentibus
732 2687 851 2746 evocari
870 2695 898 2745 et
914 2685 987 2763 capi,
1005 2693 1034 2743 et
1047 2684 1108 2762 pin·

75 2766 256 2844 aogdescera
271 2767 388 2842 iactatu,
405 2767 482 2827 iuste
497 2785 554 2828 non
569 2769 711 2843 interemi,
725 2769 843 2828 easdem
860 2768 952 2828 ferula
968 2768 1107 2845 protinus.

110 2850 230 2910 animam
253 2850 283 2908 in
310 2851 400 2912 cauda
423 2850 532 2910 babere
559 2859 667 2910 certum
688 2861 748 2927 est,
775 2869 867 2928 eaque
882 2853 938 2909 iota
955 2848 1108 2909 celerrime

111 2933 280 3010 exanimari,
302 2933 338 2994 ad
356 2935 458 3013 capitis
479 2936 565 2995 ictum
581 2934 745 2995 difficulter.
774 2934 917 2995 novacula
934 2934 1015 3010 pisce
1032 2952 1108 3013 quae

110 3024 216 3077 attacta
240 3025 304 3075 sunt
322 3017 430 3078 lerrum
442 3018 530 3079 olent.
575 3018 754 3078 durissimum
771 3036 839 3078 esse
855 3019 976 3095 piscium
995 3026 1109 3076 constat

111 3101 159 3178 qui
176 3099 255 3160 orbis
280 3109 417 3176 vocetur,
441 3102 581 3162 rotundus
597 3111 656 3179 est,
674 3103 736 3161 sine
751 3102 878 3180 squamis
901 3109 1036 3177 totusque
1059 3116 1107 3159 oa·

75 3198 101 3240 es
111 3185 172 3261 pite
188 3191 309 3242 constat.

174 3266 237 3345 (6.)
258 3265 371 3344 Lolligo
384 3269 517 3344 quotiens
526 3269 1102 3348 cernaturextraaquamvolitanstempe·
1115 3279 1148 3330 15

111 3358 201 3410 states
220 3350 322 3409 mutari
343 3349 466 3410 Trebius
479 3350 570 3427 Niger
588 3361 687 3412 auctor
713 3361 774 3428 est,
792 3353 925 3430 xiphian,
942 3351 969 3410 id
984 3360 1029 3410 est
1043 3350 1105 3426 gla-

111 3433 201 3509 dium,
224 3438 320 3492 rost'ro
335 3442 504 3494 mucronato
525 3451 607 3511 esse,
630 3434 666 3495 ab
681 3435 737 3496 hoc
752 3438 833 3496 navis
849 3438 999 3515 perlossas
1013 3434 1108 3507 mergi
