2400 3840
77 189 118 250 28
428 202 458 253 c.
477 203 574 251 rnrnr
587 202 739 252 succum

78 369 228 441 praestare
249 369 279 421 et
300 378 394 421 111111
420 359 525 420 dicitur
547 357 613 419 luna
635 358 721 436 plena
748 357 895 420 deiractus
927 358 1073 436 incipiens

77 447 199 506 fructum
212 444 322 506 habere
330 488 340 521 ,
355 445 380 503 si
396 453 501 504 terram
512 460 571 502 non
585 444 732 519 attigerit,
753 444 888 520 privatim
902 442 1073 502 mulieribus

77 529 245 607 adalligatus
268 529 378 589 lacerto
401 535 500 587 contra
523 524 721 586 abundantiam
731 544 867 586 mensum.
885 526 940 587 hoc
955 533 985 585 et
1001 542 1073 603 quo·

77 632 197 692 cumque
216 621 349 692 tempore
365 613 400 672 ab
417 612 489 689 ipsis
504 610 673 689 decerptum
690 612 729 669 ita
747 618 778 669 ut
794 618 900 669 terram
912 627 970 669 nou
987 611 1073 669 attin·

76 706 126 777 gat
141 698 381 775 adalligatumque
397 695 561 755 existimant
576 701 735 770 praestare.
767 692 837 753 folia
851 695 925 753 mori
942 694 1009 752 trita
1024 702 1095 756 ants

78 783 156 842 arida
177 782 298 842 decocta
323 779 502 858 serpentium
524 777 629 836 ictibus
650 779 843 856 inponuntur,
876 777 910 838 ad
937 776 1071 854 idemque

77 874 147 944 potu
174 865 330 943 proficitur.
368 861 571 941 scorpionibus
596 860 802 922 adversature
833 860 932 921 radice
952 862 1072 920 corticis

36 960 86 1015 139
98 967 183 1008 sucus
200 967 238 1007 en
252 949 319 1006 vino
333 956 381 1006 aut
395 964 483 1026 posca
496 955 591 1025 potus.
621 943 765 1005 reddenda
782 953 829 1004 est
845 953 875 1005 et
890 946 1072 1022 antiquorum

77 1032 251 1110 conpositio.
265 1048 363 1091 sucum
369 1048 540 1110 expressum
550 1031 627 1108 pomi
634 1031 735 1089 maturi
752 1031 941 1107 inmaturique
953 1028 1071 1087 mixtum

77 1115 242 1194 coquebant
258 1133 328 1175 vase
344 1133 433 1175 aereo
451 1115 486 1174 ad
499 1113 593 1173 mellis
610 1112 836 1173 crassitudinem.
869 1112 956 1190 aliqui
976 1126 1107 1170 murram

78 1198 189 1260 adiecta
212 1207 242 1260 et
264 1217 405 1278 cupresso
428 1196 629 1277 praeduratum
641 1196 677 1257 ad
691 1197 783 1259 solem
803 1196 955 1258 torrebant
968 1197 1072 1275 permi-

78 1290 194 1343 scentes
217 1283 317 1363 spatha
339 1293 384 1344 ter
407 1283 462 1344 die.
493 1281 565 1342 haec
581 1290 643 1341 1111
664 1283 815 1342 stomatice
828 1300 883 1360 qua
904 1289 933 1341 et
951 1281 1072 1341 volnera

76 1366 111 1426 ad
126 1368 290 1429 cicatricem
305 1367 510 1447 perducebant.
541 1365 596 1426 alia
613 1367 687 1425 ratio
704 1368 781 1426 suci:
804 1367 912 1426 siccato
928 1367 1071 1444 exprime·

77 1452 145 1512 bant
160 1469 246 1530 pomo
262 1452 379 1513 multum
394 1452 492 1530 sapori
507 1451 695 1528 opsoniorum
706 1451 923 1525 conterentem,
939 1451 968 1508 ln
983 1448 1071 1509 medi·

77 1537 140 1596 cina
166 1554 239 1597 vero
260 1545 360 1595 contra
381 1553 480 1595 nomas
501 1543 531 1594 et
554 1536 683 1612 pectoris
705 1536 824 1614 pituitas
848 1542 878 1594 et
900 1533 1071 1610 ubicumque
1081 1544 1105 1588 11

79 1637 152 1697 opus
183 1629 264 1679 esset
295 1619 433 1695 adstringi
454 1620 576 1678 viscera.
622 1617 717 1678 dentis
747 1636 863 1697 quoquc
896 1616 1072 1689 conluebant¹

35 1712 87 1767 140
99 1719 144 1761 eo.
173 1705 289 1762 tertium
304 1721 397 1779 genus
411 1703 471 1761 suci
486 1701 565 1761 loliis
581 1710 611 1761 et
628 1700 725 1761 radice
742 1701 872 1762 decoctis
891 1701 927 1761 ad
942 1701 1072 1760 ambusta

78 1804 116 1845 ex
132 1785 200 1845 oleo
216 1785 369 1845 inlinenda.
387 1788 562 1863 inponuntur
576 1792 607 1845 et
621 1785 692 1845 lolia
707 1804 761 1864 per
776 1805 817 1846 11.
835 1786 917 1846 radix
930 1801 983 1863 per
996 1802 1072 1844 mes·

77 1871 118 1928 sis
137 1870 227 1928 incisa
248 1887 346 1929 sucum
366 1869 414 1931 dat
435 1869 612 1947 aptissimum
635 1868 761 1929 dentium
780 1869 874 1930 dolori
890 1867 1071 1929 collectioni·

78 1953 189 2030 busque
206 1961 236 2012 et
250 1953 515 2032 suppurationibus,
533 1952 627 2012 alvom
642 1962 754 2031 purgat.
777 1953 846 2013 lolia
861 1954 933 2013 mori
949 1953 1106 2012 1111111111

77 2037 235 2096 madefacta
250 2037 337 2115 pilum
348 2039 436 2097 coriis
455 2035 614 2096 detrahunt.

35 2129 84 2183 141
120 2119 201 2202 (72.)
231 2118 340 2180 Gerasa
360 2121 455 2181 alvom
473 2119 622 2197 molliunt,
644 2119 792 2180 stomacho
817 2120 928 2181 inutilia
936 2163 946 2196 ,
970 2119 1070 2181 eadem

78 2205 184 2263 siccata
208 2202 302 2263 alvom
324 2206 444 2280 sistunt,
461 2205 569 2263 urinam
580 2205 666 2263 cient.
699 2205 817 2264 invenio
832 2203 907 2282 apud
922 2212 1070 2281 auctores,

77 2287 180 2364 siquis
196 2288 334 2346 matutino
349 2286 463 2348 roscida
478 2305 540 2346 cum
555 2286 615 2346 suis
631 2287 741 2346 nucleis
760 2286 899 2365 devoret,
917 2289 946 2346 in
963 2295 1071 2347 tanturn

77 2369 169 2429 levari
186 2369 280 2430 alvom
296 2379 327 2431 ut
342 2370 433 2449 pedes
448 2370 551 2430 morbo
566 2369 735 2431 liberentur.
1079 2385 1105 2425 11

140 2455 221 2533 (73.)
248 2451 372 2534 Mespila
394 2455 527 2532 exceptis
556 2456 694 2532 satanin,
718 2472 791 2533 quae
807 2454 882 2515 malo
900 2456 1070 2534 propiorem

77 2539 134 2597 vim
160 2537 281 2615 hahent,
307 2538 419 2618 reliqua
443 2537 624 2616 adstringunt
651 2537 826 2599 stomachum
847 2541 1008 2616 sistuntque
1030 2538 1070 2597 al-

78 2639 152 2682 vom.
185 2624 254 2682 item
270 2623 358 2683 sorba
374 2625 461 2700 sicca,
478 2641 540 2682 nam
556 2624 685 2683 recentia
697 2621 845 2682 stomacho
862 2632 891 2681 11
912 2623 979 2682 1110
994 2623 1069 2681 11111

78 2714 207 2782 prosunt.

37 2796 87 2851 itt
118 2785 146 2848 8.
169 2788 247 2866 (74.)
271 2787 369 2849 Nuces
385 2791 489 2867 pineae
503 2806 577 2868 quae
592 2790 717 2849 resinam
731 2788 839 2850 habent
849 2798 1009 2850 contunsae
1027 2789 1104 2849 11-11

77 2872 163 2946 11111,
182 2870 285 2930 additis
301 2873 330 2930 in
346 2871 473 2949 singulas
488 2872 609 2949 singulis
621 2874 756 2933 sextariis
771 2890 863 2950 aquae
877 2872 913 2933 ad
927 2872 1071 2934 dimidium

78 2953 231 3031 decoctae,
248 2955 395 3032 sanguinis
412 2956 606 3016 exscreationi
619 2955 771 3016 medentur
789 2958 829 3017 ita
846 2965 878 3017 ut
900 2955 995 3034 cyathi
1011 2956 1070 3015 bini

78 3037 212 3097 bibantur
235 3055 273 3099 ex
296 3055 341 3098 eo.
375 3040 495 3098 corticis
518 3058 535 3100 e
556 3041 625 3118 pinu
643 3040 672 3098 in
694 3043 763 3100 vino
786 3040 936 3101 decoctum
969 3047 1070 3100 contra

77 3122 200 3183 tormina
217 3121 308 3182 datur.
340 3122 434 3182 nuclei
457 3125 539 3184 nucis
561 3125 665 3202 pineae
689 3125 766 3183 sitim
780 3123 882 3185 sedant
901 3132 932 3184 et
950 3125 1071 3184 acrimo-

77 3207 153 3265 niam
168 3204 307 3266 stomachi
319 3207 513 3285 rosionesque
528 3215 558 3267 et
574 3209 737 3268 contrarios
752 3220 871 3268 umores
880 3208 1069 3268 consistentis
1079 3212 1105 3254 ³⁵

77 3288 118 3349 ibi
127 3332 137 3366 ‚
152 3297 182 3349 11
197 3290 391 3350 iniirmitatem
402 3291 506 3350 virium
521 3291 673 3369 roborant,
690 3292 820 3368 renibus,
832 3295 951 3353 vesicae
970 3291 1067 3351 utiles.

35 3372 543 3452 141111111111111111111111111
565 3383 596 3435 et
622 3377 731 3434 tussim.
766 3375 854 3435 bilem
879 3374 992 3454 pellunt
1006 3375 1069 3453 poti

78 3474 117 3515 ex
130 3472 203 3533 aqua
221 3464 269 3517 aut
284 3458 352 3518 rino
368 3464 416 3516 aut
431 3475 519 3536 passo
531 3465 579 3518 aut
594 3457 761 3519 balanorum
775 3458 907 3519 decocto.
931 3460 1071 3519 miscetur
