2400 3840
113 184 174 246 150
448 191 479 242 o.
497 191 592 242 anmi
605 189 756 245 suopnttt

106 349 241 412 'evolsam
259 347 432 425 adalligant,
448 344 523 408 adeo
539 355 639 409 contre
656 344 798 424 profluvia
812 345 973 425 sauguinis,
987 361 1044 407 ece
1059 342 1103 405 ul·

111 435 167 496 lem
184 434 275 510 magis
290 432 399 493 aridam
413 448 498 510 quam
515 430 693 508 polygonum
708 437 835 496 serram.
898 446 901 452 ·

68 529 124 586 118
181 514 268 600 (92.)
291 515 470 579 Pancratium
484 513 572 594 aliqui
587 513 699 577 scillam
720 512 853 592 pusillan
874 512 1024 593 appellare
1045 529 1102 573 ma·

108 602 182 677 luet,
198 601 276 660 loliis
293 600 351 661 albi
368 599 408 661 lili
424 597 605 675 longioribus
623 597 890 675 crassioribusque,
910 595 1008 658 radice
1023 594 1104 658 balbi

109 687 217 762 magui,
238 685 339 744 colore
354 681 429 743 rulo.
461 683 557 741 alvom
572 681 660 741 solvit
675 698 746 743 suco
763 699 829 743 com
842 681 933 743 iarius
948 680 1010 742 ervi
1027 697 1127 743 som-s

111 778 179 848 pto,
200 768 298 831 ulcera
316 774 430 846 purget.
460 764 642 845 hydropicis,
666 765 807 844 splenicis
828 782 894 833 num
907 763 995 827 nette
1012 762 1103 824 detur.

109 853 159 914 alii
180 851 324 913 decocunt
338 861 403 913 e'am
417 848 512 910 doucc
526 861 601 928 aqut
615 849 708 911 dulcis
724 851 786 926 liat,
811 865 904 928 caque
921 847 1013 911 eliusa
1028 848 1104 909 radi-

111 955 175 997 cem
195 943 324 996 terentes
344 934 479 1010 digerunt
498 935 527 993 iu
553 933 686 1012 pastillos
711 933 776 994 sole
800 934 927 994 siccatos
949 940 979 993 et
1000 941 1105 1010 postea

109 1028 224 1079 utuntur
247 1018 283 1079 ad
307 1019 411 1096 eapitis
430 1017 529 1078 ulcere
553 1024 582 1077 et
608 1024 706 1077 'cetera
727 1030 801 1095 quae
827 1015 1010 1095 repurganda
1036 1016 1104 1092 siut,

110 1104 178 1162 item
193 1102 229 1162 ad
243 1102 343 1163 tussim
358 1109 493 1181 quantum
514 1100 605 1161 tribue
619 1100 717 1178 digitis
732 1099 976 1179 adprehenderint
992 1100 1021 1161 ie
1034 1101 1104 1161 vino
1115 1121 1140 1163 ro

110 1185 223 1262 dantes,
243 1195 270 1246 et
291 1186 327 1246 ed
344 1185 443 1247 leteris
462 1184 581 1246 dolores
594 1192 642 1246 aut
658 1184 912 1264 peripleumouicis
935 1184 1103 1261 ecligmate.
1170 1218 1181 1239 .

110 1268 178 1330 daut
193 1278 223 1330 et
238 1278 360 1350 propter
374 1269 503 1331 ischiada
519 1271 547 1330 in
558 1271 626 1330 vino
639 1267 791 1329 bibendam
807 1275 838 1327 et
848 1276 971 1347 prepter
981 1267 1105 1329 termina

108 1372 284 1432 morsosque
300 1353 431 1415 ciendos.

69 1449 120 1503 119
184 1438 268 1519 (93.)
290 1438 398 1516 Peplis,
416 1455 500 1516 quam
515 1436 603 1516 aliqui
618 1453 718 1512 sycen,
735 1436 782 1499 elii
795 1437 960 1514 meconion,
975 1435 1026 1499 elii
1044 1453 1103 1497 rue·

111 1539 183 1583 eona
203 1521 331 1599 aphrode
346 1531 470 1598 vocant,
494 1539 532 1581 ea
549 1538 604 1580 una
625 1519 725 1581 radice
741 1522 818 1581 terrui
834 1521 949 1581 fruticat
963 1519 1042 1583 loliis
1056 1538 1102 1580 ru·
1115 1539 1140 1580 rs

109 1615 157 1665 tac
172 1605 259 1682 paulo
272 1604 438 1680 latioribus,
459 1605 568 1665 semine
584 1603 636 1663 sub
652 1603 732 1664 loliis
745 1604 885 1681 rotundo,
897 1606 1007 1665 minore
1019 1618 1104 1680 quam

111 1687 226 1749 candidi
239 1690 404 1767 papaveris.
436 1688 589 1747 intersitis
605 1688 669 1748 iere
684 1687 832 1764 colligitur
845 1688 988 1750 messibus
1011 1688 1112 1749 sicca·

111 1780 215 1848 torque
235 1788 298 1831 cum
318 1771 413 1831 fructu
432 1787 484 1830 suo
499 1769 637 1834 subiectis
654 1771 683 1831 iu
703 1788 777 1848 quae
800 1769 925 1833 excidat.
949 1771 1012 1833 'hoc
1033 1779 1104 1849 poto

112 1854 194 1914 alvos
206 1853 333 1932 solvitur,
349 1853 414 1915 bilis
427 1873 461 1915 ac
477 1855 575 1932 pituita
586 1853 752 1915 detrahitur.
772 1853 866 1915 media
882 1853 963 1934 potio
979 1863 1024 1914 est
1037 1870 1104 1920 acc·

110 1937 199 1999 tabuli
212 1935 344 1999 mensura
364 1941 392 1999 iu
410 1955 502 2019 aquae
519 1936 630 1998 mulsae
651 1936 772 1998 heminis
787 1936 887 1998 tribus
920 1947 949 1997 ct
972 1937 1045 1997 cibis
1063 1939 1140 2002 itt-ao

109 2023 255 2100 spergitur
272 2025 461 2101 opsoniisque
476 2021 511 2082 ad
526 2020 709 2083 molliendam
724 2021 828 2084 alvom.
961 2080 963 2083 ,

68 2115 121 2170 lto
184 2106 269 2185 (94.)
289 2106 506 2181 Periclymenos
528 2106 644 2167 fruticat
667 2113 696 2164 et
718 2106 783 2183 ipsa
812 2123 850 2165 ex
870 2102 1024 2169 intervallo
1046 2102 1104 2165 duo

110 2188 181 2248 folia
201 2187 312 2248 hebens
325 2188 520 2263 subcandida,
542 2188 650 2249 mollia.
688 2189 717 2247 iu
733 2189 880 2250 caomniue
891 2196 988 2248 'summ
1004 2204 1105 2247 semaa

109 2272 184 2330 ieter
199 2272 270 2331 folia
285 2271 385 2332 durum
403 2281 432 2331 et
446 2272 525 2348 quod
539 2271 659 2333 difficile
675 2271 809 2333 vellatur.
835 2273 963 2335 uescitur
980 2271 1008 2330 in
1026 2271 1104 2331 arvis

107 2373 143 2416 ac
157 2354 294 2432 saepibus
310 2355 490 2416 convolvens
506 2373 540 2415 sc
556 2353 733 2417 adminiculis
743 2355 982 2434 quibuscumque.
1004 2371 1104 2415 semen
1114 2370 1141 2411 co

75 2479 78 2484 -
110 2439 172 2498 eius
189 2440 218 2498 iu
233 2438 332 2500 umbra
346 2440 485 2500 siccatum
505 2437 631 2498 tunditur
645 2445 675 2500 et
696 2439 725 2500 iu
738 2440 873 2518 pastillos
889 2439 1039 2515 digeritur.
1075 2436 1105 2499 hi

108 2522 230 2584 resoluti
246 2522 348 2584 deutur
368 2524 397 2584 iu
414 2522 474 2584 viui
491 2521 550 2583 albi
565 2522 676 2597 cyathis
693 2526 784 2585 ternis
805 2524 924 2585 tricenis
946 2520 1047 2583 diebus
1068 2521 1104 2581 ad

109 2605 225 2683 lienem,
242 2625 365 2686 eumque
381 2607 463 2668 urina
479 2614 626 2667 cruentata
638 2615 687 2668 eat
701 2625 756 2686 per
768 2607 865 2668 alvom
876 2605 1007 2680 absumit,
1025 2603 1104 2682 quod

107 2689 285 2767 intellegitur
303 2708 320 2751 a
339 2691 460 2753 decumo
475 2693 569 2751 statim
581 2690 639 2751 die.
667 2692 775 2753 urinam
789 2693 867 2753 cient
881 2699 911 2750 et
926 2688 996 2749 folia
1015 2687 1103 2749 deeo-

109 2780 170 2849 ota,
187 2791 261 2852 quae
283 2784 312 2834 at
330 2775 531 2854 orthopnoicis
547 2782 676 2854 prosunt.
707 2783 818 2851 partum
837 2788 954 2853 quoqne
968 2771 1139 2838 adiuranteo

110 2856 313 2935 secundasque
328 2859 441 2937 pellunt
457 2867 526 2938 pota
541 2857 625 2917 simili
639 2857 736 2918 modo.
1069 2894 1071 2899 ·

70 2950 120 3004 111
186 2941 271 3018 (95.)
294 2942 460 3003 Peleeinum
473 2942 502 3002 iu
517 2938 667 3018 segetibus
685 2939 808 3003 diximus
822 2941 919 3015 nasei,
934 2939 1103 3003 fruticosam

66 3020 311 3103 ¹⁸·¹⁸⁵ceoliculis,
329 3025 538 3087 loliis'cieeris.
568 3041 666 3085 semen
688 3023 717 3085 iu
737 3024 849 3104 siliquis
869 3025 926 3085 fert
941 3022 1103 3085 corniculo·

108 3126 169 3168 rum
188 3107 275 3170 modo
297 3109 417 3173 aduncis
437 3109 528 3170 ternis
547 3107 749 3185 quaternisve,
785 3110 870 3186 quale
893 3107 938 3184 git
961 3106 1102 3182 norimus

109 3210 245 3269 amarum,
261 3194 411 3255 stomacho
427 3192 507 3254 utile.
534 3189 645 3250 additur
658 3191 687 3252 ie
701 3191 837 3252 antidota.
1112 3202 1141 3247 aa

188 3277 272 3358 (96.)
293 3276 435 3354 Polygala
448 3275 537 3353 palmi
547 3273 723 3335 altitudinem
736 3275 839 3354 inplet,
854 3275 883 3336 in
895 3273 978 3335 caule
992 3289 1102 3333 summo

107 3359 368 3506 qqqgsquqqiculae,
384 3359 638 3461 giratu'adstricte,
663 3376 739 3438 quae
759 3368 829 3437 pota
850 3357 934 3418 laetis
956 3355 1102 3486 abunden-
