2400 3840
336 206 416 254 unu.
432 204 522 252 nisu.
539 204 636 250 xxix.
652 201 720 255 aa.
737 191 867 272 (9-11.)
1040 194 1101 257 213

114 381 149 422 ac
166 360 321 437 tralucida,
345 369 402 419 tum
425 359 453 418 in
473 368 597 436 stagnea·
615 357 720 436 pyxide
743 358 883 418 conditur.
914 360 1046 440 probatio
1070 370 1144 426 uteo

114 445 237 506 sordium
257 447 335 504 virus
351 443 430 503 oleat
446 451 475 501 et
489 460 572 503 manu
597 442 717 501 lricante
743 461 781 501 ex
801 459 875 520 aqua
897 461 954 504 non
977 444 1102 521 liquetur

114 529 166 589 sed
181 529 312 588 albescat
327 535 358 586 nt
374 544 501 587 cerussa.
534 525 626 585 oculis
641 525 819 586 utilissimum
836 536 935 587 contra
949 528 1101 587 inllamma·

114 616 208 672 tiones
229 628 425 687 genarumque
446 609 559 669 callum.
595 608 708 687 quidam
728 611 757 668 in
778 618 853 670 testa
878 620 987 671 torrent
1009 611 1104 671 donec

87 719 99 756 a
114 694 338 774 pinguitudinem
353 694 475 769 amittat,
496 693 593 753 utilius
609 692 667 752 tale
683 694 878 753 existimantes
894 696 988 754 erosis
1011 705 1039 754 et
1053 695 1101 754 du·

113 782 153 838 ris
169 778 262 854 genis,
281 776 390 854 angulis
402 775 544 837 scabiosis
558 785 587 835 et
602 776 824 836 lacrimantibus.
849 778 947 838 ulcera
962 796 1019 838 non
1030 782 1098 837 ocn-
1110 786 1144 842 at

113 862 206 920 lorum
220 859 306 920 modo
325 869 405 920 sanat
422 860 473 920 sed
490 862 548 920 oris
563 861 649 919 etiam
664 868 693 918 et
706 861 871 936 genitalium
887 881 951 922 cnm
968 861 1101 922 anserino

114 945 208 1023 adipe.
249 944 380 1004 medetur
395 953 424 1003 et
439 942 544 1003 volvae
560 943 825 1004 inflammationibus
851 954 880 1004 et
901 947 979 1006 sedis
1001 945 1102 1020 rhaga-

114 1028 168 1087 diis
183 1036 211 1086 et
228 1027 437 1102 condylomatis
454 1043 516 1086 cum
537 1026 668 1086 meliloto
689 1044 724 1086 ac
743 1026 857 1102 butyro.
886 1026 1017 1107 reliquos
1034 1047 1102 1088 usus

80 1113 174 1179 10eius
195 1129 247 1171 sno
263 1110 331 1172 loco
351 1112 526 1187 digeremus.
554 1109 656 1169 sordes
679 1127 795 1188 qnoque
814 1111 966 1172 caudarum
983 1130 1102 1173 concre-

114 1205 161 1255 tae
182 1197 211 1253 in
226 1194 330 1273 pilulas
345 1195 472 1253 siccatae
494 1211 546 1271 per
570 1210 603 1251 se
617 1201 776 1270 tunsaeque
797 1193 825 1251 in
849 1194 968 1255 farinam
989 1205 1017 1255 et
1039 1196 1101 1255 inli-

114 1289 160 1338 tae
178 1275 310 1337 dentibus
324 1277 395 1335 mire
411 1284 547 1354 prosunt,
565 1277 651 1336 etiam
666 1273 844 1351 labantibus,
867 1279 1061 1355 gingivisqne,
1078 1279 1103 1336 si

114 1363 276 1420 carcinoma
292 1367 400 1437 serpat.
429 1359 484 1418 ianr
498 1375 569 1418 vero
587 1376 657 1437 pnra
672 1356 783 1417 vellera
799 1367 846 1418 aot
862 1377 914 1437 per
929 1379 961 1420 se
976 1362 1100 1437 inposita
1110 1373 1145 1426 38

114 1444 211 1504 caecis
226 1441 374 1502 doloribus
388 1450 436 1501 ant
450 1451 574 1519 accepto
591 1440 725 1521 sulpure,
747 1449 776 1500 et
792 1442 863 1501 cinis
879 1461 978 1503 eorum
993 1444 1102 1520 genita-

78 1554 103 1594 η
113 1529 179 1588 lium
191 1528 279 1605 vitiis,
295 1535 459 1604 tantumque
470 1525 583 1604 pollent
597 1534 627 1584 ut
641 1525 857 1585 medicamentis
871 1545 985 1606 qnoque
1001 1545 1102 1607 super·

113 1619 263 1690 ponantur.
296 1609 445 1669 medentur
468 1618 533 1669 ante
554 1610 647 1669 omnia
669 1619 699 1669 et
718 1610 820 1688 pecori
836 1611 910 1689 ipsi,
940 1612 964 1671 si
987 1610 1102 1671 fastidio

112 1711 170 1753 non
182 1701 344 1773 pascantur.
367 1691 456 1753 cauda
472 1695 546 1754 enim
558 1709 642 1771 quam
652 1695 795 1754 artissime
811 1695 981 1772 praeligata,
1001 1695 1101 1755 evolsa

113 1778 179 1837 inde
192 1776 267 1853 lana,
284 1775 377 1837 statim
395 1786 558 1854 vescuntur,
574 1778 744 1856 traduntque
759 1775 836 1856 quod
853 1787 934 1838 extra
948 1777 1050 1838 nodum
1066 1782 1103 1839 sit

113 1880 129 1920 e
146 1861 234 1921 cauda
252 1861 406 1939 praemori.

77 1969 103 2010 20
176 1944 204 2004 3.
233 1944 317 2021 (11.)
346 1944 439 2003 Lanae
461 1943 567 2004 habent
588 1953 616 2004 et
642 1962 705 2004 cum
725 1945 788 2003 ovis
809 1947 997 2003 socieatatem
1018 1941 1099 2002 simul
1110 1955 1144 2008 39

112 2027 199 2086 ironti
222 2027 364 2104 inpositae
387 2034 487 2086 contra
511 2027 678 2108 epiphoras.
708 2042 765 2085 non
781 2043 854 2105 opus
874 2036 918 2085 est
936 2045 985 2086 eas
1003 2028 1032 2084 in
1045 2027 1102 2087 hoc
1138 2080 1142 2084 ,

113 2128 165 2168 usu
177 2109 304 2168 radicula
319 2126 386 2168 esse
402 2117 515 2169 curatas
526 2127 620 2188 neque
633 2108 708 2170 aliud
724 2126 808 2186 quam
826 2108 974 2169 candidum
991 2128 1029 2168 ex
1045 2128 1101 2171 ovo

112 2190 220 2251 inlundi
238 2208 272 2251 ac
286 2191 424 2270 pollinem
439 2194 520 2252 turis.
556 2210 609 2253 osa
632 2211 731 2273 perse
755 2192 849 2252 inluso
866 2193 986 2254 candido
1008 2194 1101 2253 oculis

114 2275 272 2353 epiphoras
295 2275 430 2336 cohibent
452 2277 619 2356 mentisque
641 2276 814 2354 refrigerant
833 2311 875 2323 -
898 2277 1010 2356 quidam
1039 2296 1102 2337 cum

77 2376 203 2424 2ccroco
218 2358 386 2436 praeierunt
403 2368 490 2419 -et
508 2377 561 2439 pro
578 2378 650 2438 aqna
671 2362 827 2419 miscentur
842 2360 982 2440 collyriis.
1011 2361 1101 2421 inian-

112 2440 188 2501 tibus
202 2459 273 2502 vero
290 2451 389 2502 contra
410 2442 596 2520 lippitudines
614 2444 663 2501 vix
686 2442 762 2502 aliud
781 2442 910 2503 remedio
933 2453 978 2503 est
998 2445 1102 2518 butyro

112 2525 237 2585 admixto
255 2527 376 2584 recenti.
411 2523 511 2583 eadem
530 2542 594 2585 cnm
608 2524 675 2584 oleo
693 2527 759 2584 trita
779 2528 855 2602 ignis
876 2543 977 2586 sacros
992 2527 1099 2586 leniunt
1110 2537 1145 2593 40

112 2606 197 2665 betae
213 2606 291 2666 loliis
306 2605 528 2685 superinligatis.
566 2606 686 2667 candido
707 2625 826 2668 ovorum
848 2610 876 2668 in
893 2609 984 2669 oculis
1003 2618 1032 2668 et
1052 2610 1102 2688 pili

113 2689 289 2749 reclinantur
310 2689 515 2750 Hammoniaco
543 2691 610 2749 trito
638 2689 820 2771 admixtoque
841 2701 870 2751 et
890 2692 951 2751 vari
977 2692 1006 2752 in
1027 2693 1103 2753 iacis

77 2791 177 2835 cocum
200 2773 292 2851 pineis
311 2773 422 2832 nucleis
444 2791 478 2832 ac
497 2773 583 2833 melle
606 2774 704 2833 mixto.
738 2776 802 2853 ipsa
825 2775 916 2834 facies
938 2774 1017 2836 inlita
1039 2777 1103 2837 sole

112 2873 169 2916 non
189 2857 286 2916 uritur.
323 2856 451 2917 ambusta
467 2858 548 2936 aquis
568 2858 593 2917 si
608 2858 701 2917 statim
716 2875 773 2918 ovo
795 2869 990 2939 occupentur,
1016 2878 1101 2940 pusn-

112 2941 156 3000 las
170 2958 227 3000 non
244 2943 377 3018 sentiunt,
391 2975 434 2988 -
456 2940 569 3020 qnidam
589 2940 747 3003 admiscent
768 2942 887 3003 farinam
910 2942 1103 3004 hordeaceam

113 3032 141 3083 et
157 3023 225 3083 salis
241 3041 351 3103 parum,
365 3059 408 3072 -
422 3024 568 3086 ulceribus
587 3044 659 3086 vero
681 3044 719 3085 ex
742 3025 872 3086 ambusto
896 3044 958 3086 cnm
980 3027 1101 3087 candido

113 3125 233 3167 ovorum
249 3116 354 3167 tostum
369 3109 508 3169 hordeum
520 3118 549 3168 et
561 3109 647 3170 snillo
665 3109 749 3189 adipe
765 3111 836 3169 mire
851 3109 981 3188 prodest.
999 3110 1099 3170 eadem
1109 3119 1143 3174 41

78 3191 260 3252 accuratione
277 3191 313 3250 ad
329 3191 406 3251 sedis
422 3192 491 3252 vitia
506 3200 634 3269 utuntur,
656 3193 810 3254 infantibus
824 3192 954 3272 quidem,
977 3195 1062 3252 etiam
1078 3193 1102 3253 si

113 3272 181 3351 quid
195 3273 234 3333 ihi
257 3273 405 3352 procidat,
427 3273 464 3334 ad
486 3273 591 3353 pedum
606 3277 692 3337 rimas
708 3293 828 3337 ovorum
843 3275 963 3336 candido
977 3274 1101 3336 decocto

113 3375 176 3415 oum
193 3375 330 3417 cerussae
348 3356 528 3417 denariorum
551 3358 634 3417 duom
656 3359 803 3438 pondere,
829 3360 892 3437 pari
919 3375 1036 3436 spumae
1058 3378 1102 3420 ar·

112 3441 206 3517 genti,
231 3456 344 3501 murrae
360 3441 482 3518 exiguo,
505 3440 571 3500 dein
582 3442 667 3520 vino,
691 3442 726 3501 ad
741 3443 837 3518 ignem
853 3459 971 3502 sacrum
982 3442 1116 3499 candxbo
1166 3482 1169 3485 r
