2400 3840
307 227 387 276 unu.
406 227 498 276 mou.
513 227 624 288 xxxur.
643 223 670 277 4.
687 228 712 279 o.
730 215 883 292 (us-18.)
1030 215 1091 277 293

96 378 391 458 cruditasve-quae
400 383 430 440 lit
441 379 782 458 gravissima-incidat,
791 379 961 439 testudinem
972 382 1091 440 circurn-

95 464 163 522 cisis
182 462 318 541 pedibus,
339 465 450 541 capite,
467 462 557 524 cauda
572 463 722 525 decoctam
738 456 894 523 antidotum
909 481 976 522 esse
991 474 1092 524 auctor

95 554 140 605 est
155 546 280 623 Pelops,
303 547 431 607 scincum
445 547 579 626 apelles.
608 547 676 625 quid
693 555 773 606 esset
790 548 904 606 scincus
923 547 1054 622 diximus,
1063 548 1093 628 ,ξς
1100 548 1135 622 ,ll

94 631 211 707 saepius
225 647 297 690 vero
311 638 445 708 quantum
459 631 584 691 veneliei
597 632 626 689 iu
640 631 793 690 menstruis
808 630 967 689 mulierum.
990 641 1090 691 contra
1100 641 1136 694 44

66 714 186 772 somnia
202 731 237 774 ea
252 713 413 791 auxiliatur,
431 722 461 774 ut
476 714 614 790 diximus,
629 714 745 791 mullus,
761 717 829 774 item
845 722 944 774 contra
962 713 1135 798 pasti-⁷·,⁸,⁴‚·,¹,¹

92 813 192 856 nacam
203 807 232 856 et
244 799 417 876 scorpiones
429 799 577 858 terrestris
588 799 772 876 marinosque
783 807 812 857 et
823 797 967 858 dracones
981 806 1011 856 et
1022 797 1092 876 pha·

92 879 188 957 langiu
202 880 301 940 inlitus
319 890 485 959 sumptusve
504 883 532 940 iu
555 879 632 940 cibo.
661 881 789 941 eiusdem
811 883 937 941 recentis
959 899 976 940 e
995 883 1091 959 capite

93 964 164 1023 cinis
180 973 279 1024 contra
293 967 387 1025 omnia
400 982 524 1040 venena,
540 964 673 1042 privatim
690 973 791 1025 contra
805 964 921 1041 longos.
942 965 1016 1024 mala
1033 983 1091 1024 me·

92 1045 252 1107 dicamenta
266 1049 365 1108 inferri
380 1056 488 1124 negant
501 1063 591 1124 posse
604 1055 651 1106 aut
663 1056 743 1106 certe
758 1063 868 1107 nocere
884 1048 969 1109 stella
984 1049 1092 1108 marina

56 1149 81 1189 ro
91 1130 210 1208 volpino
233 1133 373 1207 sanguine
394 1130 476 1191 inlita
499 1138 528 1188 et
549 1127 643 1190 adlixa
667 1128 756 1189 limini
776 1131 920 1209 superiori
939 1141 986 1191 aut
1006 1132 1090 1191 clavo

90 1230 178 1272 aereo
192 1231 305 1273 ranuae.

153 1295 238 1372 (17.)
260 1295 405 1355 Draconis
419 1296 519 1354 marini
533 1297 777 1374 scorpionumque
795 1296 869 1355 ictus
887 1296 1022 1355 carnibus
1041 1315 1088 1356 ea·
1100 1306 1133 1360 45

90 1395 152 1437 rum
171 1378 322 1456 inpositis,
345 1379 412 1437 item
434 1396 604 1439 araneorum
624 1397 736 1439 morsus
759 1388 903 1439 sanantur.
936 1380 964 1437 in
983 1397 1090 1438 summa

91 1470 191 1521 contra
207 1462 299 1521 omnia
311 1478 425 1520 venena
440 1461 488 1521 vel
504 1471 574 1540 potu
588 1462 636 1522 vel
650 1463 709 1522 ictu
723 1461 772 1521 vel
786 1479 885 1521 morsu
902 1463 990 1521 noxia
1004 1480 1091 1521 sucus

55 1563 188 1604 mearum
213 1563 230 1604 e
252 1545 314 1604 inre
340 1544 526 1605 decoctarum
553 1546 771 1606 efficacissimus
798 1544 930 1605 babetur.
962 1544 1035 1606 Sunt
1063 1555 1092 1604 et

91 1629 215 1689 servatis
229 1626 359 1707 piscibus
374 1628 546 1704 medicinae,
562 1629 859 1707 salsamentorumque
876 1627 958 1688 cibus
971 1629 1091 1706 prodest

90 1731 106 1771 a
125 1719 262 1790 serpente
280 1712 428 1790 percussis
445 1721 475 1771 et
491 1721 590 1773 contra
608 1712 764 1772 bestiarum
782 1715 857 1773 ictus
871 1728 953 1772 mero
970 1712 1090 1773 subinde

90 1795 192 1855 hausto
207 1796 247 1854 ita
261 1805 292 1855 nt
307 1813 361 1874 per
376 1814 501 1874 superna
519 1795 599 1857 cibus
616 1797 773 1856 vomitione
795 1796 941 1874 reddatur,
960 1797 1087 1876 peculia·
1099 1807 1134 1863 46

89 1880 160 1939 riter
184 1897 200 1938 a
223 1878 369 1956 chalcide,
390 1889 505 1940 ceraste
526 1890 574 1940 aut
591 1897 662 1958 quas
684 1897 773 1959 sepas
792 1888 899 1940 vocant
920 1889 968 1940 aut
989 1880 1089 1960 elope,

55 1977 81 2019 ao
92 1962 210 2040 dipsade
228 1964 385 2041 percussis.
420 1972 520 2023 contra
543 1963 730 2041 scorpionem
748 1963 858 2040 largius
876 1965 948 2022 sumi
965 1962 1018 2023 sed
1034 1980 1092 2022 non

90 2048 184 2106 evomi
201 2046 374 2106 salsamenta
388 2045 510 2124 prodest
533 2047 571 2106 ita
592 2054 623 2104 ut
643 2047 705 2105 sitis
722 2046 879 2121 toleretur,
902 2055 931 2104 et
948 2047 1090 2124 inponere

90 2129 185 2209 plagis
202 2129 302 2188 eadem
324 2131 468 2190 convenit.
497 2138 595 2189 contra
614 2130 828 2189 crocodilorum
846 2129 962 2208 quidem
977 2147 1091 2190 morsus

89 2230 146 2272 nou
162 2211 238 2271 aliud
254 2213 434 2290 praesentius
448 2211 579 2272 habetur.
601 2213 732 2291 privatim
745 2223 845 2273 contra
858 2216 1000 2291 presteris
1015 2231 1090 2273 mor·

90 2313 151 2355 sum
173 2294 257 2354 sardo
278 2297 408 2374 prodest.
437 2298 610 2375 inponuntur
632 2297 805 2357 salsamenta
828 2304 858 2356 et
886 2306 986 2357 contra
1008 2298 1132 2361 canisut

54 2393 80 2434 as
91 2378 259 2454 rabiosi,·-
269 2380 318 2439 vel
331 2382 354 2439 si
369 2397 426 2440 non
441 2382 497 2439 siut
511 2380 591 2440 lerro
608 2389 690 2440 ustae
706 2382 813 2460 plagae
829 2397 1015 2459 corporaque
1031 2381 1091 2456 clv·

89 2461 215 2521 sterihus
233 2464 387 2539 exinanita,
402 2462 461 2522 hoc
475 2481 528 2540 per
544 2482 577 2523 se
593 2463 699 2522 sullicit
713 2499 755 2508 —
770 2473 799 2523 et
816 2473 917 2523 contra
936 2464 1092 2523 draconem

89 2547 225 2605 marinum
242 2563 279 2603 ex
293 2555 378 2604 aceto
392 2547 575 2622 inponuntur.
605 2545 681 2605 idem
697 2555 727 2605 et
743 2545 829 2622 cybio
847 2546 979 2614 effectus.
1002 2546 1091 2606 draco

91 2626 205 2704 quidem
218 2627 342 2687 marinus
358 2627 393 2687 ad
409 2628 511 2706 spinae
527 2646 598 2688 suae
616 2646 672 2708 qua
687 2629 755 2688 ierit
771 2646 913 2689 venenum
927 2631 992 2707 ipse
1009 2631 1100 2708 inpo-'

91 2712 160 2768 situs
176 2710 225 2769 vel
240 2707 365 2769 cerebro
381 2718 444 2770 toto
462 2712 593 2789 prodest.

55 2809 81 2850 ao
153 2789 237 2871 (18)
258 2793 401 2853 Ranarum
417 2795 586 2854 marinarum
612 2813 649 2854 ex
669 2797 736 2854 vino
753 2803 783 2854 et
800 2804 885 2856 aceto
903 2795 1133 2861 decoctarum48
1197 2816 1199 2828 “

89 2892 177 2935 sucus
192 2884 292 2936 contra
303 2894 415 2937 venena
430 2877 536 2938 bibitur
551 2887 581 2938 et
597 2886 696 2938 contra
712 2896 800 2938 ranae
815 2879 936 2941 rubetae
950 2899 1089 2941 venenum

90 2969 119 3019 et
141 2968 240 3020 contra
261 2960 466 3023 salamandras.
496 2962 546 3023 vel
567 2981 583 3022 e
600 2961 786 3022 fluviatilibus
808 2965 833 3024 si
851 2982 954 3025 carues
971 2963 1090 3024 edantur

88 3047 169 3103 iusve
185 3043 368 3106 decoctarum
383 3047 546 3122 sorbeatur,
564 3055 686 3125 prosunt
702 3056 730 3106 et
746 3057 847 3108 contra
862 3047 994 3126 leporem
1005 3046 1087 3104 mari-

88 3144 154 3185 num
170 3135 199 3186 et
215 3136 315 3188 contra
336 3131 481 3206 serpentis
501 3148 589 3209 supra
604 3131 715 3206 dictos,
736 3140 837 3191 contra
859 3132 1031 3209 scorpiones
1051 3145 1088 3186 ex

54 3229 79 3269 as
88 3211 164 3273 vino.
184 3210 365 3271 Democritus
378 3213 492 3290 quidem
503 3214 598 3290 tradit,
615 3216 639 3273 si
653 3215 717 3293 quis
730 3214 860 3274 extrahat
877 3231 962 3273 ranae
976 3211 1083 3270 viventi
1094 3221 1129 3276 49

88 3291 214 3370 lingnam
226 3294 304 3355 nulla
318 3294 372 3354 alia
386 3298 519 3373 eorporis
535 3305 618 3375 parte
634 3297 821 3372 adhaerente,
837 3299 958 3374 ipsaque
970 3295 1085 3358 dimissa

88 3377 117 3433 iu
142 3394 242 3454 aquam
261 3379 379 3456 inponat
403 3396 490 3456 supra
517 3381 615 3439 cordis
641 3380 858 3459 palpitationem
883 3380 993 3440 mulieri
1022 3377 1086 3436 dor·

88 3459 197 3535 nolenti,
214 3478 414 3540 quencumque
425 3464 650 3540 interrogaverit
660 3482 731 3524 vera
744 3480 961 3542 responsuram,
982 3461 1095 3520 addunt.
