2400 3840
317 203 398 249 usn.
414 201 506 249 msc.
521 202 644 248 xxvm.
662 201 704 254 10.
722 191 874 269 (ca-45.)
1031 192 1089 255 185

156 356 239 435 (44.)
264 353 422 416 Vcneliciis
433 364 557 415 rostrum
569 355 629 434 lupi
640 357 782 415 resistcre
792 358 981 417 inveteratum
992 358 1069 418 aiunt
1081 366 1130 422 167

94 439 132 498 ob
151 439 237 516 idque
253 439 384 497 villarum
404 440 495 515 portis
520 439 689 518 praefigunt.
721 439 778 498 boc
793 440 867 499 idem
889 450 1040 518 praestare
1062 450 1092 499 et

95 523 213 602 pellise
230 523 346 581 cervice
365 522 459 581 solida
474 524 585 582 manica
607 523 800 600 existimatur,
822 525 929 602 quippe
955 532 1031 583 tanta
1046 523 1090 582 vis

93 615 137 665 est
153 606 281 664 animalis
297 612 415 683 praeter
430 624 463 665 ea
479 623 554 684 quae
569 607 718 666 retulimus
735 616 764 665 ut
783 607 908 683 vestigia
927 608 988 666 eius
1006 605 1063 666 cal·
1076 627 1095 668 a,
1108 626 1133 660 ss

71 698 158 748 scata
173 691 256 766 equis
272 688 402 747 adierant
417 698 576 767 torporem.

155 773 239 850 (45.)
260 771 297 831 lis
314 774 362 850 qui
375 782 524 849 argentum
548 775 642 832 vivom
661 772 786 833 biberint
810 773 920 832 lardum
941 774 1068 833 remedio
1082 783 1134 836 168

94 864 148 914 est.
177 854 298 914 Asiniuc
315 855 392 914 lacte
411 865 482 933 poto
499 874 611 916 venena
627 858 836 933 restinguatur,
859 857 1046 935 peculiariter
1066 856 1092 915 si

92 939 298 1013 hyoscyamum
315 948 413 1017 potum
428 941 465 1000 sit
479 949 526 999 aut
542 941 651 1000 viscum
667 947 714 998 aut
735 942 827 999 cicuta
844 947 891 999 aut
906 941 992 1019 lepus
1006 940 1090 999 mari·

93 1038 145 1080 nus
160 1031 207 1081 aut
223 1032 432 1100 opocarpatum
448 1032 495 1082 aut
513 1023 651 1100 pharicou
673 1032 721 1082 aut
735 1022 903 1097 dorycnium
928 1033 957 1083 et
977 1024 1001 1083 si
1023 1041 1090 1083 coa·

59 1105 188 1182 togulam
206 1104 292 1164 alicui
309 1107 455 1181 nocuerit,
480 1106 587 1165 numid
603 1122 719 1183 quoque
736 1124 877 1165 venenum
893 1114 939 1166 est
954 1108 982 1166 iu
998 1109 1089 1185 prima

91 1189 175 1247 lactis
191 1189 403 1264 coagulatione.
433 1189 539 1247 multos
562 1189 624 1247 eius
647 1197 676 1246 et
692 1189 765 1248 alios
780 1207 849 1248 usus
866 1189 1013 1265 dicemus,
1035 1190 1089 1251 sed

91 1273 257 1330 meminisse
273 1270 421 1347 oportebit
445 1273 556 1330 recenti
577 1271 710 1331 utendum
732 1282 780 1332 ant
800 1290 858 1332 uon
878 1273 966 1332 multo
984 1283 1089 1350 postea

91 1354 252 1431 tepefacto,
269 1353 375 1411 nullum
391 1355 466 1412 enim
483 1355 608 1414 celerius
626 1359 784 1415 evanescit.
809 1373 876 1415 ossa
892 1373 1008 1434 quoque
1018 1356 1089 1414 asini

93 1436 243 1495 confracta
258 1445 287 1494 ct
302 1435 424 1495 decocta
447 1446 548 1497 contra
566 1438 678 1516 leporis
699 1441 799 1498 marini
816 1457 957 1498 venenum
978 1439 1088 1498 dantur.

59 1538 81 1576 15
93 1519 187 1579 omnia
203 1519 304 1579 eadem
322 1520 438 1596 onagris
455 1521 631 1580 efficaciora.
654 1523 698 1581 De
713 1523 851 1601 equiferis
871 1540 928 1582 nou
944 1523 1133 1601 scripse-159

21 1672 23 1677 ¹
91 1611 154 1662 runt
168 1600 281 1679 Graeci,
299 1605 432 1680 quoniam
448 1613 543 1663 terrae
560 1604 627 1664 illae
642 1623 699 1665 nou
712 1606 881 1683 gignebant,
891 1615 1088 1666 verumtamen

92 1687 215 1746 fortiora
231 1688 325 1745 omnia
341 1687 442 1746 eadem
459 1705 542 1766 quam
563 1690 592 1747 in
615 1691 696 1768 equis
717 1690 849 1768 intellegi
867 1690 981 1750 debcut.
1013 1690 1088 1749 lacte

91 1771 197 1848 equino
219 1788 332 1829 venena
359 1771 470 1848 leporis
494 1773 593 1837 marini
614 1782 643 1832 et
665 1775 762 1834 toxica
785 1783 996 1853 expugnantur.
1033 1791 1089 1832 nec

91 1872 158 1914 uros
179 1864 227 1914 aut
248 1854 370 1914 bisontis
392 1854 551 1916 habuerunt
572 1856 675 1917 Graeci
696 1859 724 1916 in
746 1859 968 1935 experimentis,
991 1874 1087 1934 quam·

55 1956 81 1996 20
93 1956 175 2015 quam
190 1938 267 1997 bove
283 1939 347 1997 lero
362 1938 479 1998 refertis
496 1938 593 1999 indiae
610 1941 709 2016 silvis,
724 1943 859 2020 portione
877 1950 971 1999 tamen
987 1940 1088 1999 eadem

92 2021 258 2081 efficaciora
275 2023 368 2080 omnia
381 2040 420 2079 ex
433 2021 478 2080 bis
494 2023 575 2082 credi
590 2040 642 2100 par
659 2032 712 2084 cst.
733 2025 776 2083 sic
792 2040 907 2100 quoque
924 2023 999 2081 lacte
1016 2021 1067 2080 bu·
1079 2033 1131 2086 160

90 2104 159 2163 bulo
178 2114 279 2164 cuncta
295 2122 409 2163 venena
425 2108 585 2183 expugnari
602 2106 730 2182 tradunt,
752 2123 883 2164 maxume
908 2104 1088 2181 supradicta

91 2197 120 2246 ct
133 2189 156 2247 si
169 2189 354 2266 ephemerum
370 2189 514 2266 inpactum
526 2191 563 2247 sit
575 2198 622 2249 aut
636 2191 660 2250 si
679 2189 860 2249 cantharides
878 2189 974 2263 datae,
994 2189 1088 2247 omnia

91 2272 246 2332 vomitione
267 2273 358 2349 egeri,
379 2273 422 2331 sic
438 2281 467 2330 et
483 2274 602 2350 caprino
625 2275 687 2332 iure
709 2272 898 2333 cantharidas.
929 2281 1027 2332 contra
1051 2288 1086 2332 ea

55 2373 81 2412 as
92 2371 164 2412 vero
188 2373 262 2433 quae
288 2356 506 2415 exulceratione
521 2365 645 2415 enecant
662 2355 762 2415 sebum
778 2356 924 2415 vitulinum
935 2355 984 2413 vel
997 2354 1086 2414 bubu-

92 2438 148 2496 lum
170 2439 330 2498 auxiliatur.
360 2457 425 2499 nam
450 2448 550 2499 contra
573 2439 762 2515 sanguisugas
786 2448 870 2516 potas
891 2437 1023 2511 butyrum
1042 2455 1086 2496 re·

91 2520 185 2579 medio
203 2530 247 2579 est
263 2540 325 2580 cum
338 2529 422 2582 aceto
435 2523 515 2581 ferro
531 2522 685 2597 calefacto,
702 2521 779 2599 quod
797 2530 825 2580 et
845 2539 898 2598 per
917 2538 950 2579 se
967 2520 1088 2596 prodest

92 2611 193 2661 contra
215 2621 337 2664 venena.
366 2622 430 2664 nam
454 2607 478 2664 si
499 2605 594 2665 oleum
620 2622 678 2664 nou
699 2607 751 2680 sit,
771 2606 864 2663 vicem
883 2604 944 2661 eius
968 2619 1086 2680 reprae-

92 2694 194 2744 sentat.
223 2687 396 2764 multipedae
414 2706 527 2748 morsus
543 2708 607 2749 cum
620 2687 706 2748 melle
723 2696 813 2746 sanat.
845 2686 935 2745 omasi
952 2702 1066 2762 quoquc
1079 2697 1128 2754 161

55 2791 81 2831 sc
91 2770 153 2827 iure
170 2778 239 2845 poto
253 2788 364 2834 venena
381 2772 556 2849 supradicta
572 2771 732 2850 expugnari
743 2779 851 2848 putant,
868 2769 1000 2846 privatim
1015 2789 1085 2829 vero

91 2854 204 2911 aconita
224 2861 253 2911 et
271 2856 397 2931 cicutas,
419 2858 544 2932 itemque
561 2856 679 2915 vitulino
697 2852 779 2913 sebo.
814 2852 955 2930 caprinus
981 2871 1085 2913 caseus

90 2954 194 2995 recens
210 2937 255 2996 his
270 2941 317 3015 qui
334 2940 443 2998 viscum
465 2938 599 3014 biberint,
616 2939 663 2998 lac
680 2947 780 2998 contra
797 2936 977 2996 cantharidas
994 2955 1086 2996 reme-

89 3019 137 3079 dio
157 3028 201 3078 est
219 3030 248 3079 ct
263 3030 364 3081 contra
378 3021 528 3099 ephemeri
546 3029 644 3099 potum
662 3040 725 3081 curn
741 3021 857 3080 taminia
873 3038 938 3080 uva.
969 3022 1086 3096 sanguis

91 3106 224 3181 caprinus
240 3103 379 3163 decoctus
396 3123 459 3164 cum
485 3104 609 3165 medulla
631 3113 732 3182 contra
753 3105 849 3164 toxica
870 3119 983 3161 venena
999 3104 1083 3160 sumi·

55 3204 81 3246 os
91 3196 145 3260 tur,
162 3186 298 3245 haedinus
314 3195 412 3247 contra
429 3189 549 3266 reliqua.
577 3187 728 3265 coagulum
741 3188 824 3248 haedi
841 3195 939 3247 contra
951 3187 1063 3243 viscum
1075 3196 1126 3250 loo

92 3278 120 3327 et
134 3269 370 3329 chamaeleonem
384 3270 477 3330 album
490 3274 715 3349 sanguinemque
727 3273 876 3344 taurinum,
890 3276 988 3328 contra
1002 3284 1085 3343 quem

91 3359 120 3410 et
136 3352 245 3430 leporis
263 3355 415 3430 coagulum
430 3364 524 3414 estex
540 3362 642 3430 aceto,
662 3364 762 3430 contra
778 3354 953 3431 pastinacam
970 3369 1040 3410 vero
1057 3361 1085 3410 et

91 3437 212 3495 omnium
235 3440 407 3498 marinorum
432 3440 508 3497 ictus
529 3438 576 3497 vel
597 3455 710 3497 morsus
736 3435 886 3513 coagulum
908 3434 1020 3510 leporis
1037 3435 1093 3490 nel
