2400 3840
129 182 191 246 282
469 192 777 241 c.rn1n1sucun1>1

131 369 167 410 en
185 352 261 425 vino,
279 350 303 407 si
315 365 380 408 cum
398 347 501 426 pipere
517 347 681 422 coluantur,
696 347 764 408 item
777 366 840 408 cum
853 364 944 428 porro
964 349 1129 410 decoctum.

130 433 324 512 nigrescentis
340 430 433 491 dentis
450 439 605 492 crematum
622 430 786 490 dentifricio
805 431 842 492 ad
858 432 989 498 colorem
1003 432 1129 508 reducit,

131 519 232 596 capitis
254 515 386 576 animalia
402 525 431 574 et
446 515 540 575 lendis
559 524 645 574 necat
665 532 729 574 cum
744 515 839 575 Samia
861 525 939 575 terra
956 515 1067 576 inlitum
1094 535 1131 576 en

130 602 208 663 oleo.
246 599 362 660 auribus
387 598 546 678 purulentis
566 599 634 658 vino
665 598 800 676 liquatum
832 598 1005 676 infunditur,
1033 600 1130 660 sordis

131 685 258 746 eiusdem
278 685 369 763 partis
391 682 485 742 erodit
506 700 543 740 ex
562 690 666 758 aceto,
688 683 799 741 sonitus
821 690 851 741 et
876 683 992 742 tinnitus
1013 682 1152 744 discutite

89 771 258 834 nesiorum
276 765 410 827 additum.
442 766 599 841 vitiligines
619 765 700 825 albas
719 783 782 824 cum
800 775 880 826 creta
897 764 1017 827 Cimolia
1033 784 1129 845 aequo

130 853 259 931 pondere
276 868 314 910 ex
331 857 416 908 aceto
443 850 470 906 in
492 848 557 907 sole
578 848 687 907 inlitum
710 849 851 923 emendat.
887 848 1059 909 furunculos
1082 851 1129 911 ad·

129 938 245 995 mixtum
272 932 387 992 resinae
410 930 549 1006 extrahit,
571 940 618 990 aut
643 949 706 992 cum
731 950 786 992 uva
813 932 878 992 alba
908 951 994 1010 passa
1016 934 1130 994 nucleis

131 1021 193 1078 eius
208 1015 291 1075 simul
305 1015 389 1073 tritis.
412 1015 527 1074 testium
539 1014 749 1074 inflammationi
760 1018 902 1092 occurrit,
918 1018 986 1075 item
1001 1018 1145 1095 eruptio,

129 1100 212 1162 nibus
229 1099 346 1176 pituitae
362 1098 391 1157 in
405 1107 467 1157 toto
484 1115 609 1176 corpore
627 1115 690 1157 cum
706 1100 848 1176 axungia,
872 1107 1032 1178 contraque
1049 1100 1127 1160 canis
1135 1119 1158 1160 1o

129 1201 244 1245 morsus
259 1181 354 1242 addita
375 1191 404 1240 et
423 1184 535 1256 resina,
557 1181 643 1240 initiis
672 1199 735 1240 eum
756 1178 841 1242 aceto
863 1181 1000 1242 inlinitur.
1036 1185 1082 1245 sic
1103 1192 1130 1244 et

130 1267 306 1346 serpentium
327 1265 488 1341 morsibus,
516 1265 716 1342 phagedaenis
738 1275 768 1325 et
792 1264 940 1325 ulceribus
970 1283 1046 1344 quae
1071 1285 1129 1341 ser·

131 1361 199 1432 punt
219 1358 266 1412 aut
292 1358 461 1429 putrescunt
484 1367 547 1409 cum
571 1348 653 1409 calce
682 1366 720 1414 ex
741 1358 844 1423 aceto,
874 1348 1045 1427 hydropicis
1069 1368 1130 1411 cum

88 1438 206 1504 119lico
222 1444 337 1502 tunsum
350 1433 433 1494 datur
455 1433 652 1509 inliniturque.
683 1432 800 1492 discutit
821 1441 850 1491 et
873 1433 1012 1508 tormina,
1034 1434 1061 1493 si
1082 1433 1129 1493 de·

130 1529 245 1582 coctum
266 1517 381 1578 bibatur
401 1516 531 1595 pondere
550 1514 703 1575 drachmae
726 1534 790 1576 cum
812 1525 874 1575 ruta
900 1516 949 1576 vel
971 1525 1060 1576 aneto
1082 1515 1157 1576 velu

130 1605 251 1665 cumino.
284 1601 379 1662 reficit
396 1600 581 1661 lassitudines
600 1617 664 1658 curu
680 1598 749 1659 oleo
766 1610 796 1659 et
811 1608 896 1659 aceto
913 1609 1129 1677 perunctorum‚

129 1696 159 1748 et
175 1694 275 1746 contra
294 1685 414 1760 algores
438 1682 635 1760 horroresque
657 1684 777 1761 prodest
797 1682 927 1742 manibus
948 1681 1130 1761 pedibusque

130 1770 297 1831 confricatis
313 1785 376 1826 cum
392 1766 470 1826 oleo.
501 1768 653 1843 conprimit
667 1776 696 1825 et
710 1769 835 1845 pruritus
847 1764 1032 1828 sublusorum
1050 1767 1130 1842 felle,

129 1870 261 1913 maxume
283 1867 347 1910 cum
367 1859 452 1909 aceto
466 1851 493 1908 in
518 1849 625 1909 sudore
650 1849 754 1908 datum.
792 1851 934 1909 succurrit
960 1859 991 1909 et
1010 1850 1130 1910 venenis

129 1929 281 2013 fungorum
296 1953 333 1994 ex
348 1951 439 2013 posca
459 1942 556 2012 potum
580 1941 642 2009 aut,
664 1933 688 1992 si
704 1932 850 2010 buprestis
870 1942 994 2012 exsputa
1015 1934 1070 2010 sit,
1092 1950 1159 1995 exau

89 2032 139 2084 120
151 2038 239 2098 aqua,
255 2019 488 2096 vomitionesque
505 2025 620 2077 evocat.
648 2015 693 2075 his
711 2017 758 2094 qui
772 2019 941 2093 sanguinem
956 2018 1031 2077 tauri
1048 2016 1131 2077 biba·

129 2106 185 2164 rint
207 2120 270 2162 cum
287 2102 384 2162 lasere
402 2101 494 2160 datur.
523 2101 552 2158 iu
573 2100 650 2159 faeie
666 2116 783 2177 quoque
799 2099 1034 2161 exulcerationes
1050 2108 1132 2161 sanat

132 2204 195 2247 cum
210 2184 342 2244 melleet
368 2184 445 2243 lacte
467 2183 585 2244 bubulo.
626 2183 765 2243 ambustis
788 2191 894 2243 tostum
917 2182 1012 2244 donec
1033 2186 1130 2262 nigre·

131 2278 193 2330 scat
207 2269 361 2345 tritumque
372 2267 508 2326 inlinitur.
533 2265 688 2326 infunditur
699 2268 796 2326 urceis
809 2276 839 2326 et
853 2268 964 2326 renium
976 2266 1072 2327 dolori
1085 2275 1131 2328 aut

129 2352 221 2428 rigori
246 2366 399 2429 corporum
421 2366 614 2410 nervorumve
636 2349 796 2411 doloribus.
834 2350 962 2429 paralysi
982 2351 1011 2409 in
1031 2351 1159 2428 linguas

89 2448 138 2500 121
152 2453 214 2494 cum
237 2450 313 2511 pane
333 2434 496 2511 inponitur,
519 2434 686 2511 suspiriosis
708 2435 737 2492 in
757 2435 848 2494 tisana
871 2436 1000 2494 sumitur.
1031 2434 1131 2494 tussim

130 2528 260 2578 veterem
283 2525 364 2577 sanat
385 2517 475 2592 flore,
503 2518 592 2577 mixto
615 2517 741 2594 galbano
769 2518 883 2578 resinae
906 2516 1130 2591 terebinthinae,

130 2603 193 2680 pari
209 2600 339 2679 pondere
354 2601 492 2676 omniurn,
507 2602 546 2661 ita
561 2610 591 2660 ut
607 2600 693 2661 fabae
707 2600 872 2678 magnitudo
888 2600 1055 2661 devoretur.
1083 2618 1130 2661 co·

130 2687 224 2764 quitur
240 2684 413 2763 dilutumque
429 2694 532 2763 postea
549 2703 611 2744 cum
627 2686 694 2762 pice
711 2683 1015 2763 liquida.sorbendum
1038 2685 1067 2742 iu
1083 2702 1131 2744 an·

26 2842 30 2850 Ι
130 2772 197 2846 gina
213 2769 304 2828 datur.
333 2768 388 2828 dos
406 2770 467 2828 eius
484 2786 547 2828 cum
562 2768 630 2828 oleo
646 2785 756 2845 cypreo
777 2767 963 2828 articulorum
978 2766 1159 2827 doloribusat

130 2855 158 2912 in
180 2852 243 2911 sole
264 2852 403 2911 iucundus
427 2861 480 2911 est.
518 2853 629 2929 regium
653 2869 768 2930 quoque
792 2850 921 2910 morbum
943 2859 1082 2911 extenuat
1104 2852 1131 2910 in

131 2936 249 3014 potione
267 2936 343 3011 vini,
367 2943 395 2994 et
417 2935 577 2995 inflationes
603 2935 734 3011 discutit,
757 2934 906 3011 sanguinis
922 2934 1097 3013 profluvium
1115 2951 1130 2991 e

89 3030 140 3084 122
152 3017 267 3079 naribus
285 3019 360 3078 sistit
375 3037 413 3078 ex
429 3019 553 3078 ferventi
569 3035 643 3097 aqua
659 3035 768 3096 vapore
780 3017 896 3077 naribus
912 3026 1008 3098 rapto.
1038 3017 1129 3096 porri·

130 3105 225 3180 ginem
240 3102 362 3162 alumine
373 3105 517 3180 permixto
529 3101 616 3177 tollit,
633 3100 741 3161 alarum
752 3104 831 3161 virus
843 3120 881 3160 ex
893 3118 967 3179 aqua
983 3100 1130 3161 cotidiano

130 3188 208 3261 fotu,
236 3186 336 3246 ulcera
356 3205 396 3245 ex
415 3188 514 3264 pituita
543 3193 608 3244 nata
631 3203 697 3245 cera
719 3187 907 3262 permixtum,
935 3201 993 3262 quo
1013 3196 1160 3261 ,genereus

130 3271 227 3329 nervis
243 3288 358 3348 quoque
379 3269 518 3347 prodest,
541 3268 679 3327 coeliacis
700 3268 864 3327 infunditur.
901 3270 1045 3345 perungui
1064 3275 1130 3326 ante

131 3354 318 3413 accessiones
336 3352 457 3430 frigidas
473 3353 548 3410 nitro
562 3360 590 3410 et
606 3353 673 3410 oleo
685 3352 765 3410 multi
781 3368 978 3430 praecepere,
994 3350 1069 3409 sicut
1081 3348 1130 3408 ad-

131 3453 233 3497 versus
253 3436 368 3515 lepras,
396 3436 567 3512 lentigines,
599 3435 767 3512 podagricis
789 3437 818 3494 in
841 3432 963 3493 balineis
984 3433 1024 3491 uti
1052 3430 1130 3492 solio
