<?xml version="1.0" encoding="UTF-8"?>
<!DOCTYPE html PUBLIC "-//W3C//DTD XHTML 1.0 Transitional//EN"
    "http://www.w3.org/TR/xhtml1/DTD/xhtml1-transitional.dtd">
<html xmlns="http://www.w3.org/1999/xhtml" xml:lang="en" lang="en">
 <head>
  <title>
</title>
<meta http-equiv="Content-Type" content="text/html;charset=utf-8" />
  <meta name='ocr-system' content='tesseract 3.04.00' />
  <meta name='ocr-capabilities' content='ocr_page ocr_carea ocr_par ocr_line ocrx_word'/>
</head>
<body>
  <div class='ocr_page' id='page_1' title='image "./cplinisecundina06plingoog_0239.png"; bbox 0 0 2400 3840; ppageno 0'>
   <div class='ocr_carea' id='block_1_1' title="bbox 132 188 791 250">
    <p class='ocr_par' dir='ltr' id='par_1_1' title="bbox 132 188 791 250">
     <span class='ocr_line' id='line_1_1' title="bbox 132 188 791 250; baseline -0.005 -1"><span class='ocrx_word' id='word_1_1' title='bbox 132 188 191 249; x_wconf 87' lang='grc'><strong>164</strong></span> <span class='ocrx_word' id='word_1_2' title='bbox 484 200 514 250; x_wconf 83' lang='lat' dir='ltr'><strong>e.</strong></span> <span class='ocrx_word' id='word_1_3' title='bbox 530 199 791 247; x_wconf 79' lang='lat' dir='ltr'><strong>rnunrsuounor</strong></span> 
     </span>
    </p>
   </div>
   <div class='ocr_carea' id='block_1_2' title="bbox 84 351 1158 3517">
    <p class='ocr_par' dir='ltr' id='par_1_2' title="bbox 128 351 1150 933">
     <span class='ocr_line' id='line_1_2' title="bbox 131 351 1126 432; baseline -0.001 -17"><span class='ocrx_word' id='word_1_4' title='bbox 131 365 188 415; x_wconf 88' lang='lat' dir='ltr'><strong>tum</strong></span> <span class='ocrx_word' id='word_1_5' title='bbox 205 353 329 416; x_wconf 86' lang='lat' dir='ltr'><strong>vocabat</strong></span> <span class='ocrx_word' id='word_1_6' title='bbox 343 353 477 430; x_wconf 76' lang='lat' dir='ltr'><strong>botryon.</strong></span> <span class='ocrx_word' id='word_1_7' title='bbox 510 351 598 412; x_wconf 89' lang='lat' dir='ltr'><strong>blulta</strong></span> <span class='ocrx_word' id='word_1_8' title='bbox 612 371 723 430; x_wconf 89' lang='lat' dir='ltr'><strong>genera</strong></span> <span class='ocrx_word' id='word_1_9' title='bbox 744 351 908 412; x_wconf 86' lang='lat' dir='ltr'><strong>morborum</strong></span> <span class='ocrx_word' id='word_1_10' title='bbox 930 355 1022 432; x_wconf 89' lang='lat' dir='ltr'><strong>primo</strong></span> <span class='ocrx_word' id='word_1_11' title='bbox 1045 355 1126 415; x_wconf 90' lang='lat' dir='ltr'><strong>coitu</strong></span> 
     </span>
     <span class='ocr_line' id='line_1_3' title="bbox 131 436 1127 518; baseline -0.003 -18"><span class='ocrx_word' id='word_1_12' title='bbox 131 440 282 500; x_wconf 90' lang='lat' dir='ltr'><strong>solvoutur</strong></span> <span class='ocrx_word' id='word_1_13' title='bbox 298 441 449 518; x_wconf 88' lang='lat' dir='ltr'><strong>primoque</strong></span> <span class='ocrx_word' id='word_1_14' title='bbox 461 438 629 496; x_wconf 90' lang='lat' dir='ltr'><strong>iomiuarum</strong></span> <span class='ocrx_word' id='word_1_15' title='bbox 644 454 743 496; x_wconf 89' lang='lat' dir='ltr'><strong>mense</strong></span> <span class='ocrx_word' id='word_1_16' title='bbox 757 447 815 513; x_wconf 81' lang='lat' dir='ltr'><strong>aut,</strong></span> <span class='ocrx_word' id='word_1_17' title='bbox 831 437 855 496; x_wconf 92' lang='lat' dir='ltr'><strong>si</strong></span> <span class='ocrx_word' id='word_1_18' title='bbox 869 436 928 496; x_wconf 89' lang='lat' dir='ltr'><strong>boc</strong></span> <span class='ocrx_word' id='word_1_19' title='bbox 941 454 999 496; x_wconf 92' lang='lat' dir='ltr'><strong>nou</strong></span> <span class='ocrx_word' id='word_1_20' title='bbox 1014 439 1127 498; x_wconf 91' lang='lat' dir='ltr'><strong>contin·</strong></span> 
     </span>
     <span class='ocr_line' id='line_1_4' title="bbox 130 520 1125 601; baseline -0.002 -18"><span class='ocrx_word' id='word_1_21' title='bbox 130 524 188 600; x_wconf 86' lang='lat' dir='ltr'><strong>git,</strong></span> <span class='ocrx_word' id='word_1_22' title='bbox 207 523 364 601; x_wconf 88' lang='lat' dir='ltr'><strong>longinqua</strong></span> <span class='ocrx_word' id='word_1_23' title='bbox 386 523 454 581; x_wconf 88' lang='lat' dir='ltr'><strong>liunt</strong></span> <span class='ocrx_word' id='word_1_24' title='bbox 469 538 660 598; x_wconf 79' lang='lat' dir='ltr'><strong>maxumeque</strong></span> <span class='ocrx_word' id='word_1_25' title='bbox 679 520 848 580; x_wconf 77' lang='lat' dir='ltr'><strong>comitiales.</strong></span> <span class='ocrx_word' id='word_1_26' title='bbox 883 522 949 599; x_wconf 90' lang='lat' dir='ltr'><strong>quin</strong></span> <span class='ocrx_word' id='word_1_27' title='bbox 972 529 1003 580; x_wconf 91' lang='lat' dir='ltr'><strong>et</strong></span> <span class='ocrx_word' id='word_1_28' title='bbox 1022 540 1039 582; x_wconf 89' lang='lat' dir='ltr'><strong>a</strong></span> <span class='ocrx_word' id='word_1_29' title='bbox 1062 539 1125 581; x_wconf 86' lang='lat' dir='ltr'><strong>ser-</strong></span> 
     </span>
     <span class='ocr_line' id='line_1_5' title="bbox 129 603 1126 685; baseline -0.001 -19"><span class='ocrx_word' id='word_1_30' title='bbox 129 615 234 685; x_wconf 83' lang='lat' dir='ltr'><strong>pente,</strong></span> <span class='ocrx_word' id='word_1_31' title='bbox 265 625 282 667; x_wconf 91' lang='lat' dir='ltr'><strong>a</strong></span> <span class='ocrx_word' id='word_1_32' title='bbox 303 607 461 684; x_wconf 78' lang='lat' dir='ltr'><strong>scorpione</strong></span> <span class='ocrx_word' id='word_1_33' title='bbox 482 621 640 681; x_wconf 89' lang='lat' dir='ltr'><strong>percussos</strong></span> <span class='ocrx_word' id='word_1_34' title='bbox 660 606 737 664; x_wconf 91' lang='lat' dir='ltr'><strong>coitu</strong></span> <span class='ocrx_word' id='word_1_35' title='bbox 753 603 844 663; x_wconf 89' lang='lat' dir='ltr'><strong>levari</strong></span> <span class='ocrx_word' id='word_1_36' title='bbox 860 604 999 682; x_wconf 83' lang='lat' dir='ltr'><strong>produnt,</strong></span> <span class='ocrx_word' id='word_1_37' title='bbox 1024 622 1126 665; x_wconf 88' lang='lat' dir='ltr'><strong>verum</strong></span> 
     </span>
     <span class='ocr_line' id='line_1_6' title="bbox 128 686 1150 764; baseline -0.004 -16"><span class='ocrx_word' id='word_1_38' title='bbox 128 689 251 749; x_wconf 80' lang='lat' dir='ltr'><strong>feminas</strong></span> <span class='ocrx_word' id='word_1_39' title='bbox 272 708 381 750; x_wconf 89' lang='lat' dir='ltr'><strong>venere</strong></span> <span class='ocrx_word' id='word_1_40' title='bbox 404 706 438 748; x_wconf 90' lang='lat' dir='ltr'><strong>ea</strong></span> <span class='ocrx_word' id='word_1_41' title='bbox 463 686 548 746; x_wconf 89' lang='lat' dir='ltr'><strong>laedi.</strong></span> <span class='ocrx_word' id='word_1_42' title='bbox 585 686 741 747; x_wconf 83' lang='lat' dir='ltr'><strong>Oculorum</strong></span> <span class='ocrx_word' id='word_1_43' title='bbox 763 689 832 747; x_wconf 90' lang='lat' dir='ltr'><strong>vitia</strong></span> <span class='ocrx_word' id='word_1_44' title='bbox 853 687 916 747; x_wconf 90' lang='lat' dir='ltr'><strong>lieri</strong></span> <span class='ocrx_word' id='word_1_45' title='bbox 939 696 1047 764; x_wconf 87' lang='lat' dir='ltr'><strong>negant</strong></span> <span class='ocrx_word' id='word_1_46' title='bbox 1067 706 1150 748; x_wconf 86' lang='lat' dir='ltr'><strong>oecs</strong></span> 
     </span>
     <span class='ocr_line' id='line_1_7' title="bbox 128 769 1126 852; baseline 0 -20"><span class='ocrx_word' id='word_1_47' title='bbox 128 773 235 852; x_wconf 85' lang='lat' dir='ltr'><strong>lippire</strong></span> <span class='ocrx_word' id='word_1_48' title='bbox 261 791 313 832; x_wconf 91' lang='lat' dir='ltr'><strong>eos</strong></span> <span class='ocrx_word' id='word_1_49' title='bbox 336 775 399 850; x_wconf 84' lang='lat' dir='ltr'><strong>qui,</strong></span> <span class='ocrx_word' id='word_1_50' title='bbox 421 789 490 835; x_wconf 86' lang='lat' dir='ltr'><strong>eum</strong></span> <span class='ocrx_word' id='word_1_51' title='bbox 517 769 607 848; x_wconf 90' lang='lat' dir='ltr'><strong>pedes</strong></span> <span class='ocrx_word' id='word_1_52' title='bbox 629 771 741 848; x_wconf 86' lang='lat' dir='ltr'><strong>lavant,</strong></span> <span class='ocrx_word' id='word_1_53' title='bbox 771 789 844 848; x_wconf 88' lang='lat' dir='ltr'><strong>aqua</strong></span> <span class='ocrx_word' id='word_1_54' title='bbox 864 771 930 831; x_wconf 92' lang='lat' dir='ltr'><strong>inde</strong></span> <span class='ocrx_word' id='word_1_55' title='bbox 950 781 996 830; x_wconf 89' lang='lat' dir='ltr'><strong>ter</strong></span> <span class='ocrx_word' id='word_1_56' title='bbox 1020 772 1126 832; x_wconf 91' lang='lat' dir='ltr'><strong>oculos</strong></span> 
     </span>
     <span class='ocr_line' id='line_1_8' title="bbox 129 865 256 933; baseline -0.008 -18"><span class='ocrx_word' id='word_1_57' title='bbox 129 865 256 933; x_wconf 89' lang='lat' dir='ltr'><strong>tangant.</strong></span> 
     </span>
    </p>

    <p class='ocr_par' dir='ltr' id='par_1_3' title="bbox 86 938 1158 1436">
     <span class='ocr_line' id='line_1_9' title="bbox 86 938 1125 1018; baseline 0.001 -20"><span class='ocrx_word' id='word_1_58' title='bbox 86 951 120 1004; x_wconf 80' lang='lat'><strong>45</strong></span> <span class='ocrx_word' id='word_1_59' title='bbox 194 940 278 1018; x_wconf 88' lang='lat' dir='ltr'><strong>(ll.)</strong></span> <span class='ocrx_word' id='word_1_60' title='bbox 298 938 438 998; x_wconf 77' lang='lat' dir='ltr'><strong>Inmatura</strong></span> <span class='ocrx_word' id='word_1_61' title='bbox 450 947 542 998; x_wconf 90' lang='lat' dir='ltr'><strong>morte</strong></span> <span class='ocrx_word' id='word_1_62' title='bbox 555 947 701 1016; x_wconf 88' lang='lat' dir='ltr'><strong>raptorum</strong></span> <span class='ocrx_word' id='word_1_63' title='bbox 716 956 799 999; x_wconf 92' lang='lat' dir='ltr'><strong>manu</strong></span> <span class='ocrx_word' id='word_1_64' title='bbox 816 948 947 1014; x_wconf 80' lang='lat' dir='ltr'><strong>strumas,</strong></span> <span class='ocrx_word' id='word_1_65' title='bbox 964 938 1125 1017; x_wconf 86' lang='lat' dir='ltr'><strong>parotidas,</strong></span> 
     </span>
     <span class='ocr_line' id='line_1_10' title="bbox 128 1021 1124 1100; baseline 0.001 -19"><span class='ocrx_word' id='word_1_66' title='bbox 128 1031 241 1099; x_wconf 87' lang='lat' dir='ltr'><strong>guttura</strong></span> <span class='ocrx_word' id='word_1_67' title='bbox 263 1030 340 1081; x_wconf 91' lang='lat' dir='ltr'><strong>tactu</strong></span> <span class='ocrx_word' id='word_1_68' title='bbox 355 1024 448 1081; x_wconf 91' lang='lat' dir='ltr'><strong>sanari</strong></span> <span class='ocrx_word' id='word_1_69' title='bbox 464 1021 626 1098; x_wconf 83' lang='lat' dir='ltr'><strong>adfirmant,</strong></span> <span class='ocrx_word' id='word_1_70' title='bbox 642 1021 755 1100; x_wconf 93' lang='lat' dir='ltr'><strong>quidam</strong></span> <span class='ocrx_word' id='word_1_71' title='bbox 766 1041 839 1082; x_wconf 88' lang='lat' dir='ltr'><strong>vero</strong></span> <span class='ocrx_word' id='word_1_72' title='bbox 855 1024 1059 1100; x_wconf 86' lang='lat' dir='ltr'><strong>cuiuscumque</strong></span> <span class='ocrx_word' id='word_1_73' title='bbox 1073 1023 1124 1082; x_wconf 90' lang='lat' dir='ltr'><strong>dc-</strong></span> 
     </span>
     <span class='ocr_line' id='line_1_11' title="bbox 129 1104 1158 1182; baseline -0.002 -18"><span class='ocrx_word' id='word_1_74' title='bbox 129 1105 226 1181; x_wconf 82' lang='lat' dir='ltr'><strong>iuncti,</strong></span> <span class='ocrx_word' id='word_1_75' title='bbox 245 1104 390 1170; x_wconf 82' lang='lat' dir='ltr'><strong>dumtaxat</strong></span> <span class='ocrx_word' id='word_1_76' title='bbox 406 1107 450 1164; x_wconf 94' lang='lat' dir='ltr'><strong>sui</strong></span> <span class='ocrx_word' id='word_1_77' title='bbox 468 1124 566 1180; x_wconf 84' lang='lat' dir='ltr'><strong>sexus,</strong></span> <span class='ocrx_word' id='word_1_78' title='bbox 590 1106 672 1165; x_wconf 88' lang='lat' dir='ltr'><strong>laeva</strong></span> <span class='ocrx_word' id='word_1_79' title='bbox 687 1123 770 1165; x_wconf 90' lang='lat' dir='ltr'><strong>manu</strong></span> <span class='ocrx_word' id='word_1_80' title='bbox 785 1124 898 1166; x_wconf 87' lang='lat' dir='ltr'><strong>aversa.</strong></span> <span class='ocrx_word' id='word_1_81' title='bbox 928 1115 957 1164; x_wconf 93' lang='lat' dir='ltr'><strong>et</strong></span> <span class='ocrx_word' id='word_1_82' title='bbox 971 1105 1051 1182; x_wconf 90' lang='lat' dir='ltr'><strong>ligno</strong></span> <span class='ocrx_word' id='word_1_83' title='bbox 1067 1106 1123 1165; x_wconf 89' lang='lat' dir='ltr'><strong>iul·</strong></span> <span class='ocrx_word' id='word_1_84' title='bbox 1135 1122 1158 1164; x_wconf 85' lang='lat' dir='ltr'><strong>ru</strong></span> 
     </span>
     <span class='ocr_line' id='line_1_12' title="bbox 129 1187 1125 1268; baseline 0.002 -21"><span class='ocrx_word' id='word_1_85' title='bbox 129 1207 202 1266; x_wconf 90' lang='lat' dir='ltr'><strong>gure</strong></span> <span class='ocrx_word' id='word_1_86' title='bbox 218 1191 276 1248; x_wconf 89' lang='lat' dir='ltr'><strong>icto</strong></span> <span class='ocrx_word' id='word_1_87' title='bbox 291 1191 408 1249; x_wconf 89' lang='lat' dir='ltr'><strong>reiectis</strong></span> <span class='ocrx_word' id='word_1_88' title='bbox 421 1198 488 1268; x_wconf 90' lang='lat' dir='ltr'><strong>post</strong></span> <span class='ocrx_word' id='word_1_89' title='bbox 503 1199 586 1264; x_wconf 86' lang='lat' dir='ltr'><strong>terga</strong></span> <span class='ocrx_word' id='word_1_90' title='bbox 597 1189 724 1249; x_wconf 91' lang='lat' dir='ltr'><strong>manibus</strong></span> <span class='ocrx_word' id='word_1_91' title='bbox 740 1190 904 1249; x_wconf 87' lang='lat' dir='ltr'><strong>demorderi</strong></span> <span class='ocrx_word' id='word_1_92' title='bbox 920 1187 1025 1268; x_wconf 89' lang='lat' dir='ltr'><strong>aliquid</strong></span> <span class='ocrx_word' id='word_1_93' title='bbox 1044 1189 1125 1251; x_wconf 90' lang='lat' dir='ltr'><strong>etad</strong></span> 
     </span>
     <span class='ocr_line' id='line_1_13' title="bbox 129 1271 1123 1352; baseline 0.001 -21"><span class='ocrx_word' id='word_1_94' title='bbox 129 1271 242 1332; x_wconf 90' lang='lat' dir='ltr'><strong>dentem</strong></span> <span class='ocrx_word' id='word_1_95' title='bbox 259 1275 305 1351; x_wconf 94' lang='lat' dir='ltr'><strong>qui</strong></span> <span class='ocrx_word' id='word_1_96' title='bbox 324 1273 420 1334; x_wconf 90' lang='lat' dir='ltr'><strong>doleat</strong></span> <span class='ocrx_word' id='word_1_97' title='bbox 436 1273 584 1333; x_wconf 89' lang='lat' dir='ltr'><strong>admoveri</strong></span> <span class='ocrx_word' id='word_1_98' title='bbox 598 1274 727 1333; x_wconf 87' lang='lat' dir='ltr'><strong>remedio</strong></span> <span class='ocrx_word' id='word_1_99' title='bbox 744 1291 811 1333; x_wconf 88' lang='lat' dir='ltr'><strong>esse</strong></span> <span class='ocrx_word' id='word_1_100' title='bbox 826 1272 961 1352; x_wconf 88' lang='lat' dir='ltr'><strong>produnt.</strong></span> <span class='ocrx_word' id='word_1_101' title='bbox 991 1281 1057 1330; x_wconf 90' lang='lat' dir='ltr'><strong>suut</strong></span> <span class='ocrx_word' id='word_1_102' title='bbox 1074 1275 1123 1351; x_wconf 93' lang='lat' dir='ltr'><strong>qui</strong></span> 
     </span>
     <span class='ocr_line' id='line_1_14' title="bbox 129 1355 1124 1436; baseline 0.001 -22"><span class='ocrx_word' id='word_1_103' title='bbox 129 1357 308 1436; x_wconf 77' lang='lat' dir='ltr'><strong>praecipiant</strong></span> <span class='ocrx_word' id='word_1_104' title='bbox 329 1357 443 1417; x_wconf 90' lang='lat' dir='ltr'><strong>dentem</strong></span> <span class='ocrx_word' id='word_1_105' title='bbox 458 1357 549 1416; x_wconf 89' lang='lat' dir='ltr'><strong>sulliri</strong></span> <span class='ocrx_word' id='word_1_106' title='bbox 572 1355 657 1416; x_wconf 90' lang='lat' dir='ltr'><strong>dente</strong></span> <span class='ocrx_word' id='word_1_107' title='bbox 674 1356 796 1416; x_wconf 89' lang='lat' dir='ltr'><strong>bominis</strong></span> <span class='ocrx_word' id='word_1_108' title='bbox 811 1358 854 1416; x_wconf 89' lang='lat' dir='ltr'><strong>sui</strong></span> <span class='ocrx_word' id='word_1_109' title='bbox 876 1374 981 1433; x_wconf 84' lang='lat' dir='ltr'><strong>sexus,</strong></span> <span class='ocrx_word' id='word_1_110' title='bbox 1007 1364 1037 1415; x_wconf 90' lang='lat' dir='ltr'><strong>et</strong></span> <span class='ocrx_word' id='word_1_111' title='bbox 1059 1374 1124 1415; x_wconf 88' lang='lat' dir='ltr'><strong>eum</strong></span> 
     </span>
    </p>

    <p class='ocr_par' dir='ltr' id='par_1_4' title="bbox 87 1439 1156 2182">
     <span class='ocr_line' id='line_1_15' title="bbox 87 1439 1123 1519; baseline 0 -20"><span class='ocrx_word' id='word_1_112' title='bbox 87 1451 121 1506; x_wconf 81' lang='lat'><strong>46</strong></span> <span class='ocrx_word' id='word_1_113' title='bbox 133 1442 180 1519; x_wconf 94' lang='lat' dir='ltr'><strong>qui</strong></span> <span class='ocrx_word' id='word_1_114' title='bbox 199 1441 315 1501; x_wconf 91' lang='lat' dir='ltr'><strong>caninus</strong></span> <span class='ocrx_word' id='word_1_115' title='bbox 330 1450 451 1501; x_wconf 88' lang='lat' dir='ltr'><strong>vocetur</strong></span> <span class='ocrx_word' id='word_1_116' title='bbox 465 1439 611 1518; x_wconf 89' lang='lat' dir='ltr'><strong>insepulto</strong></span> <span class='ocrx_word' id='word_1_117' title='bbox 631 1450 794 1519; x_wconf 87' lang='lat' dir='ltr'><strong>exemptum</strong></span> <span class='ocrx_word' id='word_1_118' title='bbox 809 1440 969 1516; x_wconf 80' lang='lat' dir='ltr'><strong>adalligari.</strong></span> <span class='ocrx_word' id='word_1_119' title='bbox 1002 1439 1123 1499; x_wconf 86' lang='lat' dir='ltr'><strong>Terram</strong></span> 
     </span>
     <span class='ocr_line' id='line_1_16' title="bbox 129 1521 1156 1602; baseline 0 -18"><span class='ocrx_word' id='word_1_120' title='bbox 129 1543 145 1584; x_wconf 87' lang='lat' dir='ltr'><strong>e</strong></span> <span class='ocrx_word' id='word_1_121' title='bbox 164 1524 288 1584; x_wconf 88' lang='lat' dir='ltr'><strong>calvaria</strong></span> <span class='ocrx_word' id='word_1_122' title='bbox 305 1524 453 1602; x_wconf 88' lang='lat' dir='ltr'><strong>psilotrum</strong></span> <span class='ocrx_word' id='word_1_123' title='bbox 476 1542 542 1582; x_wconf 89' lang='lat' dir='ltr'><strong>esse</strong></span> <span class='ocrx_word' id='word_1_124' title='bbox 558 1523 761 1602; x_wconf 87' lang='lat' dir='ltr'><strong>palpebrarum</strong></span> <span class='ocrx_word' id='word_1_125' title='bbox 777 1525 905 1600; x_wconf 82' lang='lat' dir='ltr'><strong>tradunt,</strong></span> <span class='ocrx_word' id='word_1_126' title='bbox 924 1521 1018 1582; x_wconf 85' lang='lat' dir='ltr'><strong>herba</strong></span> <span class='ocrx_word' id='word_1_127' title='bbox 1036 1541 1121 1601; x_wconf 90' lang='lat' dir='ltr'><strong>vero,</strong></span> <span class='ocrx_word' id='word_1_128' title='bbox 1134 1544 1156 1584; x_wconf 82' lang='lat' dir='ltr'><strong>us</strong></span> 
     </span>
     <span class='ocr_line' id='line_1_17' title="bbox 128 1606 1123 1685; baseline 0.002 -20"><span class='ocrx_word' id='word_1_129' title='bbox 128 1608 153 1665; x_wconf 94' lang='lat' dir='ltr'><strong>si</strong></span> <span class='ocrx_word' id='word_1_130' title='bbox 172 1625 226 1685; x_wconf 92' lang='lat' dir='ltr'><strong>qua</strong></span> <span class='ocrx_word' id='word_1_131' title='bbox 240 1606 280 1666; x_wconf 93' lang='lat' dir='ltr'><strong>ibi</strong></span> <span class='ocrx_word' id='word_1_132' title='bbox 295 1609 392 1683; x_wconf 89' lang='lat' dir='ltr'><strong>genita</strong></span> <span class='ocrx_word' id='word_1_133' title='bbox 406 1608 452 1682; x_wconf 84' lang='lat' dir='ltr'><strong>sit,</strong></span> <span class='ocrx_word' id='word_1_134' title='bbox 471 1606 694 1667; x_wconf 86' lang='lat' dir='ltr'><strong>conmanducata</strong></span> <span class='ocrx_word' id='word_1_135' title='bbox 707 1608 800 1667; x_wconf 91' lang='lat' dir='ltr'><strong>dentis</strong></span> <span class='ocrx_word' id='word_1_136' title='bbox 816 1608 933 1682; x_wconf 87' lang='lat' dir='ltr'><strong>cadere,</strong></span> <span class='ocrx_word' id='word_1_137' title='bbox 950 1606 1050 1666; x_wconf 89' lang='lat' dir='ltr'><strong>ulcera</strong></span> <span class='ocrx_word' id='word_1_138' title='bbox 1064 1624 1123 1667; x_wconf 90' lang='lat' dir='ltr'><strong>non</strong></span> 
     </span>
     <span class='ocr_line' id='line_1_18' title="bbox 128 1688 1123 1769; baseline 0.002 -21"><span class='ocrx_word' id='word_1_139' title='bbox 128 1706 249 1766; x_wconf 89' lang='lat' dir='ltr'><strong>serpere</strong></span> <span class='ocrx_word' id='word_1_140' title='bbox 264 1707 332 1748; x_wconf 88' lang='lat' dir='ltr'><strong>osse</strong></span> <span class='ocrx_word' id='word_1_141' title='bbox 349 1688 470 1748; x_wconf 92' lang='lat' dir='ltr'><strong>bominis</strong></span> <span class='ocrx_word' id='word_1_142' title='bbox 486 1691 712 1769; x_wconf 90' lang='lat' dir='ltr'><strong>circumscripta.</strong></span> <span class='ocrx_word' id='word_1_143' title='bbox 744 1690 800 1750; x_wconf 82' lang='lat' dir='ltr'><strong>Alii</strong></span> <span class='ocrx_word' id='word_1_144' title='bbox 814 1709 830 1750; x_wconf 91' lang='lat' dir='ltr'><strong>e</strong></span> <span class='ocrx_word' id='word_1_145' title='bbox 846 1690 937 1750; x_wconf 92' lang='lat' dir='ltr'><strong>tribus</strong></span> <span class='ocrx_word' id='word_1_146' title='bbox 952 1689 1046 1769; x_wconf 89' lang='lat' dir='ltr'><strong>puteis</strong></span> <span class='ocrx_word' id='word_1_147' title='bbox 1059 1690 1123 1768; x_wconf 88' lang='lat' dir='ltr'><strong>pari</strong></span> 
     </span>
     <span class='ocr_line' id='line_1_19' title="bbox 129 1772 1123 1851; baseline 0.003 -21"><span class='ocrx_word' id='word_1_148' title='bbox 129 1790 261 1832; x_wconf 89' lang='lat' dir='ltr'><strong>mensura</strong></span> <span class='ocrx_word' id='word_1_149' title='bbox 273 1791 362 1851; x_wconf 89' lang='lat' dir='ltr'><strong>aquas</strong></span> <span class='ocrx_word' id='word_1_150' title='bbox 375 1773 497 1832; x_wconf 89' lang='lat' dir='ltr'><strong>miscent</strong></span> <span class='ocrx_word' id='word_1_151' title='bbox 505 1781 534 1831; x_wconf 89' lang='lat' dir='ltr'><strong>et</strong></span> <span class='ocrx_word' id='word_1_152' title='bbox 546 1773 690 1850; x_wconf 89' lang='lat' dir='ltr'><strong>prolibant</strong></span> <span class='ocrx_word' id='word_1_153' title='bbox 704 1791 781 1833; x_wconf 94' lang='lat' dir='ltr'><strong>novo</strong></span> <span class='ocrx_word' id='word_1_154' title='bbox 794 1775 885 1849; x_wconf 86' lang='lat' dir='ltr'><strong>fictili,</strong></span> <span class='ocrx_word' id='word_1_155' title='bbox 898 1774 1042 1851; x_wconf 89' lang='lat' dir='ltr'><strong>reliquom</strong></span> <span class='ocrx_word' id='word_1_156' title='bbox 1055 1772 1123 1833; x_wconf 91' lang='lat' dir='ltr'><strong>dant</strong></span> 
     </span>
     <span class='ocr_line' id='line_1_20' title="bbox 128 1850 1121 1935; baseline 0.002 -20"><span class='ocrx_word' id='word_1_157' title='bbox 128 1850 305 1920; x_wconf 81' lang='lat' dir='ltr'><strong>intentionis</strong></span> <span class='ocrx_word' id='word_1_158' title='bbox 328 1874 450 1915; x_wconf 89' lang='lat' dir='ltr'><strong>accessu</strong></span> <span class='ocrx_word' id='word_1_159' title='bbox 472 1856 594 1916; x_wconf 79' lang='lat' dir='ltr'><strong>febrium</strong></span> <span class='ocrx_word' id='word_1_160' title='bbox 620 1855 783 1917; x_wconf 89' lang='lat' dir='ltr'><strong>bibendum.</strong></span> <span class='ocrx_word' id='word_1_161' title='bbox 814 1858 899 1917; x_wconf 91' lang='lat' dir='ltr'><strong>iidem</strong></span> <span class='ocrx_word' id='word_1_162' title='bbox 923 1858 951 1915; x_wconf 94' lang='lat' dir='ltr'><strong>in</strong></span> <span class='ocrx_word' id='word_1_163' title='bbox 975 1857 1121 1935; x_wconf 86' lang='lat' dir='ltr'><strong>quartanis</strong></span> 
     </span>
     <span class='ocr_line' id='line_1_21' title="bbox 128 1938 1156 2017; baseline 0 -19"><span class='ocrx_word' id='word_1_164' title='bbox 128 1939 317 2016; x_wconf 82' lang='lat' dir='ltr'><strong>fragmentum</strong></span> <span class='ocrx_word' id='word_1_165' title='bbox 340 1941 413 2000; x_wconf 90' lang='lat' dir='ltr'><strong>clavi</strong></span> <span class='ocrx_word' id='word_1_166' title='bbox 435 1958 450 1999; x_wconf 92' lang='lat' dir='ltr'><strong>a</strong></span> <span class='ocrx_word' id='word_1_167' title='bbox 473 1957 560 2000; x_wconf 89' lang='lat' dir='ltr'><strong>cruce</strong></span> <span class='ocrx_word' id='word_1_168' title='bbox 580 1941 737 2000; x_wconf 89' lang='lat' dir='ltr'><strong>involutum</strong></span> <span class='ocrx_word' id='word_1_169' title='bbox 758 1941 822 2001; x_wconf 90' lang='lat' dir='ltr'><strong>lana</strong></span> <span class='ocrx_word' id='word_1_170' title='bbox 844 1941 921 2000; x_wconf 90' lang='lat' dir='ltr'><strong>collo</strong></span> <span class='ocrx_word' id='word_1_171' title='bbox 938 1938 1156 2017; x_wconf 79' lang='lat' dir='ltr'><strong>subnectuot‚2o</strong></span> 
     </span>
     <span class='ocr_line' id='line_1_22' title="bbox 129 2022 1122 2103; baseline 0 -19"><span class='ocrx_word' id='word_1_172' title='bbox 129 2033 175 2084; x_wconf 93' lang='lat' dir='ltr'><strong>aut</strong></span> <span class='ocrx_word' id='word_1_173' title='bbox 190 2033 317 2101; x_wconf 85' lang='lat' dir='ltr'><strong>spartum</strong></span> <span class='ocrx_word' id='word_1_174' title='bbox 333 2042 349 2082; x_wconf 90' lang='lat' dir='ltr'><strong>e</strong></span> <span class='ocrx_word' id='word_1_175' title='bbox 369 2042 473 2100; x_wconf 88' lang='lat' dir='ltr'><strong>cruce,</strong></span> <span class='ocrx_word' id='word_1_176' title='bbox 494 2022 676 2103; x_wconf 89' lang='lat' dir='ltr'><strong>liberatoque</strong></span> <span class='ocrx_word' id='word_1_177' title='bbox 692 2024 817 2084; x_wconf 91' lang='lat' dir='ltr'><strong>condunt</strong></span> <span class='ocrx_word' id='word_1_178' title='bbox 833 2041 956 2084; x_wconf 86' lang='lat' dir='ltr'><strong>caverna</strong></span> <span class='ocrx_word' id='word_1_179' title='bbox 977 2041 1062 2101; x_wconf 88' lang='lat' dir='ltr'><strong>quam</strong></span> <span class='ocrx_word' id='word_1_180' title='bbox 1076 2025 1122 2084; x_wconf 87' lang='lat' dir='ltr'><strong>sol</strong></span> 
     </span>
     <span class='ocr_line' id='line_1_23' title="bbox 128 2109 330 2182; baseline -0.015 -16"><span class='ocrx_word' id='word_1_181' title='bbox 128 2123 185 2166; x_wconf 93' lang='lat' dir='ltr'><strong>uon</strong></span> <span class='ocrx_word' id='word_1_182' title='bbox 202 2109 330 2182; x_wconf 86' lang='lat' dir='ltr'><strong>attingat.</strong></span> 
     </span>
    </p>

    <p class='ocr_par' dir='ltr' id='par_1_5' title="bbox 85 2189 1156 2603">
     <span class='ocr_line' id='line_1_24' title="bbox 85 2189 1121 2269; baseline -0.002 -16"><span class='ocrx_word' id='word_1_183' title='bbox 85 2199 118 2253; x_wconf 80' lang='lat'><strong>47</strong></span> <span class='ocrx_word' id='word_1_184' title='bbox 196 2189 279 2268; x_wconf 84' lang='lat'>(12.)</span> <span class='ocrx_word' id='word_1_185' title='bbox 303 2189 451 2266; x_wconf 82' lang='lat' dir='ltr'><strong>Magorum</strong></span> <span class='ocrx_word' id='word_1_186' title='bbox 463 2189 538 2251; x_wconf 85' lang='lat' dir='ltr'><strong>baec</strong></span> <span class='ocrx_word' id='word_1_187' title='bbox 554 2199 712 2250; x_wconf 88' lang='lat' dir='ltr'><strong>commenta</strong></span> <span class='ocrx_word' id='word_1_188' title='bbox 728 2201 810 2268; x_wconf 80' lang='lat' dir='ltr'><strong>sunt,</strong></span> <span class='ocrx_word' id='word_1_189' title='bbox 830 2199 860 2249; x_wconf 84' lang='lat' dir='ltr'><strong>ut</strong></span> <span class='ocrx_word' id='word_1_190' title='bbox 880 2202 975 2252; x_wconf 89' lang='lat' dir='ltr'><strong>cotem</strong></span> <span class='ocrx_word' id='word_1_191' title='bbox 991 2209 1046 2269; x_wconf 94' lang='lat' dir='ltr'><strong>qua</strong></span> <span class='ocrx_word' id='word_1_192' title='bbox 1062 2191 1121 2251; x_wconf 88' lang='lat' dir='ltr'><strong>ler-</strong></span> 
     </span>
     <span class='ocr_line' id='line_1_25' title="bbox 128 2272 1122 2353; baseline 0.003 -22"><span class='ocrx_word' id='word_1_193' title='bbox 128 2281 255 2332; x_wconf 90' lang='lat' dir='ltr'><strong>ramenta</strong></span> <span class='ocrx_word' id='word_1_194' title='bbox 272 2289 362 2350; x_wconf 88' lang='lat' dir='ltr'><strong>saepe</strong></span> <span class='ocrx_word' id='word_1_195' title='bbox 378 2281 498 2332; x_wconf 88' lang='lat' dir='ltr'><strong>exacuta</strong></span> <span class='ocrx_word' id='word_1_196' title='bbox 515 2274 571 2333; x_wconf 91' lang='lat' dir='ltr'><strong>sint</strong></span> <span class='ocrx_word' id='word_1_197' title='bbox 587 2272 745 2334; x_wconf 88' lang='lat' dir='ltr'><strong>subiectam</strong></span> <span class='ocrx_word' id='word_1_198' title='bbox 760 2275 853 2351; x_wconf 86' lang='lat' dir='ltr'><strong>ignari</strong></span> <span class='ocrx_word' id='word_1_199' title='bbox 875 2274 1070 2353; x_wconf 82' lang='lat' dir='ltr'><strong>cervicalibus</strong></span> <span class='ocrx_word' id='word_1_200' title='bbox 1085 2273 1122 2334; x_wconf 91' lang='lat' dir='ltr'><strong>de</strong></span> 
     </span>
     <span class='ocr_line' id='line_1_26' title="bbox 127 2355 1156 2435; baseline 0.003 -23"><span class='ocrx_word' id='word_1_201' title='bbox 127 2355 271 2414; x_wconf 87' lang='lat' dir='ltr'><strong>venalicio</strong></span> <span class='ocrx_word' id='word_1_202' title='bbox 286 2355 447 2416; x_wconf 83' lang='lat' dir='ltr'><strong>deliciantis</strong></span> <span class='ocrx_word' id='word_1_203' title='bbox 462 2372 589 2416; x_wconf 86' lang='lat' dir='ltr'><strong>evocare</strong></span> <span class='ocrx_word' id='word_1_204' title='bbox 605 2357 748 2433; x_wconf 86' lang='lat' dir='ltr'><strong>indicium,</strong></span> <span class='ocrx_word' id='word_1_205' title='bbox 765 2366 796 2416; x_wconf 89' lang='lat' dir='ltr'><strong>ut</strong></span> <span class='ocrx_word' id='word_1_206' title='bbox 808 2358 873 2435; x_wconf 91' lang='lat' dir='ltr'><strong>ipse</strong></span> <span class='ocrx_word' id='word_1_207' title='bbox 889 2356 966 2418; x_wconf 87' lang='lat' dir='ltr'><strong>dicat</strong></span> <span class='ocrx_word' id='word_1_208' title='bbox 981 2357 1048 2435; x_wconf 94' lang='lat' dir='ltr'><strong>quid</strong></span> <span class='ocrx_word' id='word_1_209' title='bbox 1066 2356 1156 2417; x_wconf 76' lang='lat' dir='ltr'><strong>sibico</strong></span> 
     </span>
     <span class='ocr_line' id='line_1_27' title="bbox 128 2437 1123 2519; baseline 0.002 -21"><span class='ocrx_word' id='word_1_210' title='bbox 128 2437 222 2498; x_wconf 89' lang='lat' dir='ltr'><strong>datum</strong></span> <span class='ocrx_word' id='word_1_211' title='bbox 239 2440 276 2498; x_wconf 89' lang='lat' dir='ltr'><strong>sit</strong></span> <span class='ocrx_word' id='word_1_212' title='bbox 293 2447 322 2498; x_wconf 89' lang='lat' dir='ltr'><strong>et</strong></span> <span class='ocrx_word' id='word_1_213' title='bbox 338 2438 384 2499; x_wconf 93' lang='lat' dir='ltr'><strong>ubi</strong></span> <span class='ocrx_word' id='word_1_214' title='bbox 401 2450 430 2501; x_wconf 91' lang='lat' dir='ltr'><strong>et</strong></span> <span class='ocrx_word' id='word_1_215' title='bbox 445 2457 501 2519; x_wconf 93' lang='lat' dir='ltr'><strong>quo</strong></span> <span class='ocrx_word' id='word_1_216' title='bbox 517 2449 665 2519; x_wconf 86' lang='lat' dir='ltr'><strong>tempore,</strong></span> <span class='ocrx_word' id='word_1_217' title='bbox 682 2449 829 2500; x_wconf 88' lang='lat' dir='ltr'><strong>auctorem</strong></span> <span class='ocrx_word' id='word_1_218' title='bbox 844 2449 938 2501; x_wconf 88' lang='lat' dir='ltr'><strong>tamen</strong></span> <span class='ocrx_word' id='word_1_219' title='bbox 954 2458 1011 2500; x_wconf 93' lang='lat' dir='ltr'><strong>non</strong></span> <span class='ocrx_word' id='word_1_220' title='bbox 1030 2442 1123 2501; x_wconf 91' lang='lat' dir='ltr'><strong>nomi·</strong></span> 
     </span>
     <span class='ocr_line' id='line_1_28' title="bbox 127 2522 1122 2603; baseline 0.004 -22"><span class='ocrx_word' id='word_1_221' title='bbox 127 2531 206 2582; x_wconf 85' lang='lat' dir='ltr'><strong>nare.</strong></span> <span class='ocrx_word' id='word_1_222' title='bbox 245 2522 361 2583; x_wconf 90' lang='lat' dir='ltr'><strong>iulmine</strong></span> <span class='ocrx_word' id='word_1_223' title='bbox 380 2525 476 2603; x_wconf 89' lang='lat' dir='ltr'><strong>utique</strong></span> <span class='ocrx_word' id='word_1_224' title='bbox 493 2542 663 2603; x_wconf 89' lang='lat' dir='ltr'><strong>percussum</strong></span> <span class='ocrx_word' id='word_1_225' title='bbox 686 2525 886 2583; x_wconf 85' lang='lat' dir='ltr'><strong>circumactum</strong></span> <span class='ocrx_word' id='word_1_226' title='bbox 907 2525 936 2583; x_wconf 88' lang='lat' dir='ltr'><strong>in</strong></span> <span class='ocrx_word' id='word_1_227' title='bbox 951 2525 1053 2584; x_wconf 89' lang='lat' dir='ltr'><strong>volnus</strong></span> <span class='ocrx_word' id='word_1_228' title='bbox 1070 2524 1122 2585; x_wconf 90' lang='lat' dir='ltr'><strong>bo·</strong></span> 
     </span>
    </p>

    <p class='ocr_par' dir='ltr' id='par_1_6' title="bbox 84 2606 1156 3185">
     <span class='ocr_line' id='line_1_29' title="bbox 84 2606 1123 2686; baseline -0.003 -16"><span class='ocrx_word' id='word_1_229' title='bbox 84 2615 118 2670; x_wconf 82' lang='grc'><strong>48</strong></span> <span class='ocrx_word' id='word_1_230' title='bbox 128 2607 231 2664; x_wconf 88' lang='lat' dir='ltr'><strong>minem</strong></span> <span class='ocrx_word' id='word_1_231' title='bbox 246 2606 327 2685; x_wconf 95' lang='lat' dir='ltr'><strong>loqui</strong></span> <span class='ocrx_word' id='word_1_232' title='bbox 343 2611 474 2685; x_wconf 92' lang='lat' dir='ltr'><strong>protinus</strong></span> <span class='ocrx_word' id='word_1_233' title='bbox 495 2616 616 2667; x_wconf 90' lang='lat' dir='ltr'><strong>constat.</strong></span> <span class='ocrx_word' id='word_1_234' title='bbox 641 2606 807 2684; x_wconf 73' lang='lat' dir='ltr'><strong>Inguinibus</strong></span> <span class='ocrx_word' id='word_1_235' title='bbox 821 2607 971 2667; x_wconf 87' lang='lat' dir='ltr'><strong>medentur</strong></span> <span class='ocrx_word' id='word_1_236' title='bbox 985 2608 1074 2686; x_wconf 90' lang='lat' dir='ltr'><strong>aliqui</strong></span> <span class='ocrx_word' id='word_1_237' title='bbox 1090 2608 1123 2668; x_wconf 93' lang='lat' dir='ltr'><strong>li·</strong></span> 
     </span>
     <span class='ocr_line' id='line_1_30' title="bbox 128 2689 1124 2769; baseline 0.004 -22"><span class='ocrx_word' id='word_1_238' title='bbox 128 2689 200 2748; x_wconf 89' lang='lat' dir='ltr'><strong>cium</strong></span> <span class='ocrx_word' id='word_1_239' title='bbox 215 2689 293 2749; x_wconf 90' lang='lat' dir='ltr'><strong>telae</strong></span> <span class='ocrx_word' id='word_1_240' title='bbox 310 2689 467 2752; x_wconf 88' lang='lat' dir='ltr'><strong>detractum</strong></span> <span class='ocrx_word' id='word_1_241' title='bbox 484 2690 643 2767; x_wconf 87' lang='lat' dir='ltr'><strong>adligantes</strong></span> <span class='ocrx_word' id='word_1_242' title='bbox 656 2691 777 2750; x_wconf 90' lang='lat' dir='ltr'><strong>novenis</strong></span> <span class='ocrx_word' id='word_1_243' title='bbox 791 2693 960 2769; x_wconf 88' lang='lat' dir='ltr'><strong>septenisve</strong></span> <span class='ocrx_word' id='word_1_244' title='bbox 975 2691 1071 2766; x_wconf 89' lang='lat' dir='ltr'><strong>nodis,</strong></span> <span class='ocrx_word' id='word_1_245' title='bbox 1086 2691 1124 2752; x_wconf 85' lang='lat' dir='ltr'><strong>ad</strong></span> 
     </span>
     <span class='ocr_line' id='line_1_31' title="bbox 127 2771 1156 2852; baseline 0.007 -24"><span class='ocrx_word' id='word_1_246' title='bbox 127 2771 256 2847; x_wconf 89' lang='lat' dir='ltr'><strong>singulos</strong></span> <span class='ocrx_word' id='word_1_247' title='bbox 273 2774 450 2834; x_wconf 89' lang='lat' dir='ltr'><strong>nominantes</strong></span> <span class='ocrx_word' id='word_1_248' title='bbox 468 2773 580 2832; x_wconf 87' lang='lat' dir='ltr'><strong>viduam</strong></span> <span class='ocrx_word' id='word_1_249' title='bbox 596 2774 719 2852; x_wconf 85' lang='lat' dir='ltr'><strong>aliquam</strong></span> <span class='ocrx_word' id='word_1_250' title='bbox 733 2783 819 2852; x_wconf 92' lang='lat' dir='ltr'><strong>atque</strong></span> <span class='ocrx_word' id='word_1_251' title='bbox 836 2775 875 2834; x_wconf 91' lang='lat' dir='ltr'><strong>ita</strong></span> <span class='ocrx_word' id='word_1_252' title='bbox 896 2775 1004 2851; x_wconf 87' lang='lat' dir='ltr'><strong>inguini</strong></span> <span class='ocrx_word' id='word_1_253' title='bbox 1019 2772 1156 2835; x_wconf 79' lang='lat' dir='ltr'><strong>adalb-o</strong></span> 
     </span>
     <span class='ocr_line' id='line_1_32' title="bbox 127 2854 1121 2934; baseline 0.008 -23"><span class='ocrx_word' id='word_1_254' title='bbox 127 2862 242 2930; x_wconf 82' lang='lat' dir='ltr'><strong>gantos.</strong></span> <span class='ocrx_word' id='word_1_255' title='bbox 275 2854 343 2913; x_wconf 92' lang='lat' dir='ltr'><strong>licio</strong></span> <span class='ocrx_word' id='word_1_256' title='bbox 360 2865 389 2914; x_wconf 88' lang='lat' dir='ltr'><strong>et</strong></span> <span class='ocrx_word' id='word_1_257' title='bbox 405 2855 519 2915; x_wconf 93' lang='lat' dir='ltr'><strong>clavom</strong></span> <span class='ocrx_word' id='word_1_258' title='bbox 533 2855 648 2914; x_wconf 86' lang='lat' dir='ltr'><strong>aliudve</strong></span> <span class='ocrx_word' id='word_1_259' title='bbox 666 2856 743 2934; x_wconf 93' lang='lat' dir='ltr'><strong>quod</strong></span> <span class='ocrx_word' id='word_1_260' title='bbox 759 2858 824 2933; x_wconf 92' lang='lat' dir='ltr'><strong>quis</strong></span> <span class='ocrx_word' id='word_1_261' title='bbox 838 2857 996 2918; x_wconf 85' lang='lat' dir='ltr'><strong>calcaverit</strong></span> <span class='ocrx_word' id='word_1_262' title='bbox 1009 2857 1121 2934; x_wconf 88' lang='lat' dir='ltr'><strong>adliga-</strong></span> 
     </span>
     <span class='ocr_line' id='line_1_33' title="bbox 127 2936 1121 3014; baseline 0.005 -19"><span class='ocrx_word' id='word_1_263' title='bbox 127 2945 185 2995; x_wconf 90' lang='lat' dir='ltr'><strong>tum</strong></span> <span class='ocrx_word' id='word_1_264' title='bbox 200 2937 282 3014; x_wconf 91' lang='lat' dir='ltr'><strong>ipsos</strong></span> <span class='ocrx_word' id='word_1_265' title='bbox 298 2936 395 2996; x_wconf 88' lang='lat' dir='ltr'><strong>iubent</strong></span> <span class='ocrx_word' id='word_1_266' title='bbox 407 2955 525 3014; x_wconf 89' lang='lat' dir='ltr'><strong>gerere,</strong></span> <span class='ocrx_word' id='word_1_267' title='bbox 541 2955 577 2996; x_wconf 90' lang='lat' dir='ltr'><strong>ue</strong></span> <span class='ocrx_word' id='word_1_268' title='bbox 595 2939 632 2996; x_wconf 93' lang='lat' dir='ltr'><strong>sit</strong></span> <span class='ocrx_word' id='word_1_269' title='bbox 648 2939 743 2998; x_wconf 91' lang='lat' dir='ltr'><strong>dolori</strong></span> <span class='ocrx_word' id='word_1_270' title='bbox 754 2940 868 3000; x_wconf 86' lang='lat' dir='ltr'><strong>volnus.</strong></span> <span class='ocrx_word' id='word_1_271' title='bbox 887 2958 1027 3001; x_wconf 90' lang='lat' dir='ltr'><strong>verrucas</strong></span> <span class='ocrx_word' id='word_1_272' title='bbox 1040 2941 1121 3001; x_wconf 88' lang='lat' dir='ltr'><strong>avel-</strong></span> 
     </span>
     <span class='ocr_line' id='line_1_34' title="bbox 126 3019 1122 3102; baseline 0.008 -24"><span class='ocrx_word' id='word_1_273' title='bbox 126 3019 187 3079; x_wconf 87' lang='lat' dir='ltr'><strong>lunt</strong></span> <span class='ocrx_word' id='word_1_274' title='bbox 204 3037 220 3078; x_wconf 94' lang='lat' dir='ltr'><strong>a</strong></span> <span class='ocrx_word' id='word_1_275' title='bbox 236 3019 373 3079; x_wconf 85' lang='lat' dir='ltr'><strong>vicesima</strong></span> <span class='ocrx_word' id='word_1_276' title='bbox 389 3021 454 3080; x_wconf 88' lang='lat' dir='ltr'><strong>luna</strong></span> <span class='ocrx_word' id='word_1_277' title='bbox 469 3021 497 3078; x_wconf 93' lang='lat' dir='ltr'><strong>in</strong></span> <span class='ocrx_word' id='word_1_278' title='bbox 512 3019 647 3080; x_wconf 93' lang='lat' dir='ltr'><strong>limitibus</strong></span> <span class='ocrx_word' id='word_1_279' title='bbox 663 3024 756 3100; x_wconf 90' lang='lat' dir='ltr'><strong>supini</strong></span> <span class='ocrx_word' id='word_1_280' title='bbox 776 3025 870 3102; x_wconf 89' lang='lat' dir='ltr'><strong>ipsam</strong></span> <span class='ocrx_word' id='word_1_281' title='bbox 886 3026 1031 3085; x_wconf 90' lang='lat' dir='ltr'><strong>intuentes</strong></span> <span class='ocrx_word' id='word_1_282' title='bbox 1047 3023 1122 3086; x_wconf 87' lang='lat' dir='ltr'><strong>ultra</strong></span> 
     </span>
     <span class='ocr_line' id='line_1_35' title="bbox 127 3101 1141 3185; baseline 0.006 -23"><span class='ocrx_word' id='word_1_283' title='bbox 127 3110 214 3182; x_wconf 91' lang='lat' dir='ltr'><strong>caput</strong></span> <span class='ocrx_word' id='word_1_284' title='bbox 229 3101 358 3162; x_wconf 91' lang='lat' dir='ltr'><strong>manibus</strong></span> <span class='ocrx_word' id='word_1_285' title='bbox 371 3103 515 3183; x_wconf 87' lang='lat' dir='ltr'><strong>porrectis</strong></span> <span class='ocrx_word' id='word_1_286' title='bbox 531 3112 560 3163; x_wconf 90' lang='lat' dir='ltr'><strong>et</strong></span> <span class='ocrx_word' id='word_1_287' title='bbox 575 3104 710 3183; x_wconf 94' lang='lat' dir='ltr'><strong>quidquid</strong></span> <span class='ocrx_word' id='word_1_288' title='bbox 726 3107 946 3185; x_wconf 89' lang='lat' dir='ltr'><strong>apprehendere</strong></span> <span class='ocrx_word' id='word_1_289' title='bbox 962 3124 998 3167; x_wconf 89' lang='lat' dir='ltr'><strong>eo</strong></span> <span class='ocrx_word' id='word_1_290' title='bbox 1014 3108 1121 3168; x_wconf 83' lang='lat' dir='ltr'><strong>irioau·</strong></span> <span class='ocrx_word' id='word_1_291' title='bbox 1138 3122 1141 3127; x_wconf 82' lang='lat'>&#39;</span> 
     </span>
    </p>

    <p class='ocr_par' dir='ltr' id='par_1_7' title="bbox 84 3186 1155 3517">
     <span class='ocr_line' id='line_1_36' title="bbox 84 3186 1155 3268; baseline 0.002 -20"><span class='ocrx_word' id='word_1_292' title='bbox 84 3194 117 3250; x_wconf 78' lang='lat'><strong>49</strong></span> <span class='ocrx_word' id='word_1_293' title='bbox 130 3195 185 3246; x_wconf 88' lang='lat' dir='ltr'><strong>tes.</strong></span> <span class='ocrx_word' id='word_1_294' title='bbox 208 3186 320 3246; x_wconf 89' lang='lat' dir='ltr'><strong>clavom</strong></span> <span class='ocrx_word' id='word_1_295' title='bbox 332 3187 477 3266; x_wconf 89' lang='lat' dir='ltr'><strong>corporis,</strong></span> <span class='ocrx_word' id='word_1_296' title='bbox 495 3205 558 3246; x_wconf 92' lang='lat' dir='ltr'><strong>cum</strong></span> <span class='ocrx_word' id='word_1_297' title='bbox 575 3189 650 3248; x_wconf 88' lang='lat' dir='ltr'><strong>cadit</strong></span> <span class='ocrx_word' id='word_1_298' title='bbox 669 3189 754 3250; x_wconf 85' lang='lat' dir='ltr'><strong>stella</strong></span> <span class='ocrx_word' id='word_1_299' title='bbox 765 3191 791 3250; x_wconf 90' lang='lat' dir='ltr'><strong>si</strong></span> <span class='ocrx_word' id='word_1_300' title='bbox 806 3193 869 3268; x_wconf 94' lang='lat' dir='ltr'><strong>quis</strong></span> <span class='ocrx_word' id='word_1_301' title='bbox 882 3191 1051 3268; x_wconf 86' lang='lat' dir='ltr'><strong>destringat‚</strong></span> <span class='ocrx_word' id='word_1_302' title='bbox 1071 3192 1155 3252; x_wconf 81' lang='lat' dir='ltr'><strong>retu</strong></span> 
     </span>
     <span class='ocr_line' id='line_1_37' title="bbox 127 3270 1123 3347; baseline 0.009 -19"><span class='ocrx_word' id='word_1_303' title='bbox 127 3270 183 3329; x_wconf 90' lang='lat' dir='ltr'><strong>cito</strong></span> <span class='ocrx_word' id='word_1_304' title='bbox 209 3270 303 3329; x_wconf 92' lang='lat' dir='ltr'><strong>sanari</strong></span> <span class='ocrx_word' id='word_1_305' title='bbox 326 3270 419 3347; x_wconf 83' lang='lat' dir='ltr'><strong>aiunt,</strong></span> <span class='ocrx_word' id='word_1_306' title='bbox 450 3270 612 3330; x_wconf 90' lang='lat' dir='ltr'><strong>cardinibus</strong></span> <span class='ocrx_word' id='word_1_307' title='bbox 638 3275 776 3333; x_wconf 89' lang='lat' dir='ltr'><strong>ostiorum</strong></span> <span class='ocrx_word' id='word_1_308' title='bbox 798 3283 883 3334; x_wconf 84' lang='lat' dir='ltr'><strong>aceto</strong></span> <span class='ocrx_word' id='word_1_309' title='bbox 907 3273 1010 3334; x_wconf 90' lang='lat' dir='ltr'><strong>adiuso</strong></span> <span class='ocrx_word' id='word_1_310' title='bbox 1031 3274 1123 3337; x_wconf 84' lang='lat' dir='ltr'><strong>lutum</strong></span> 
     </span>
     <span class='ocr_line' id='line_1_38' title="bbox 126 3352 1121 3436; baseline 0.008 -25"><span class='ocrx_word' id='word_1_311' title='bbox 126 3352 214 3412; x_wconf 90' lang='lat' dir='ltr'><strong>ironti</strong></span> <span class='ocrx_word' id='word_1_312' title='bbox 232 3353 339 3414; x_wconf 89' lang='lat' dir='ltr'><strong>inlitum</strong></span> <span class='ocrx_word' id='word_1_313' title='bbox 355 3356 457 3433; x_wconf 87' lang='lat' dir='ltr'><strong>capitis</strong></span> <span class='ocrx_word' id='word_1_314' title='bbox 472 3353 603 3414; x_wconf 88' lang='lat' dir='ltr'><strong>dolorem</strong></span> <span class='ocrx_word' id='word_1_315' title='bbox 617 3356 736 3432; x_wconf 81' lang='lat' dir='ltr'><strong>sedare,</strong></span> <span class='ocrx_word' id='word_1_316' title='bbox 758 3359 826 3415; x_wconf 90' lang='lat' dir='ltr'><strong>item</strong></span> <span class='ocrx_word' id='word_1_317' title='bbox 846 3357 979 3435; x_wconf 91' lang='lat' dir='ltr'><strong>laqueum</strong></span> <span class='ocrx_word' id='word_1_318' title='bbox 997 3375 1121 3436; x_wconf 87' lang='lat' dir='ltr'><strong>suspeu-</strong></span> 
     </span>
     <span class='ocr_line' id='line_1_39' title="bbox 127 3434 1122 3517; baseline 0.008 -23"><span class='ocrx_word' id='word_1_319' title='bbox 127 3434 202 3495; x_wconf 94' lang='lat' dir='ltr'><strong>diosi</strong></span> <span class='ocrx_word' id='word_1_320' title='bbox 217 3437 419 3498; x_wconf 86' lang='lat' dir='ltr'><strong>circumdatum</strong></span> <span class='ocrx_word' id='word_1_321' title='bbox 434 3436 621 3517; x_wconf 92' lang='lat' dir='ltr'><strong>temporibus.</strong></span> <span class='ocrx_word' id='word_1_322' title='bbox 654 3441 678 3498; x_wconf 94' lang='lat' dir='ltr'><strong>si</strong></span> <span class='ocrx_word' id='word_1_323' title='bbox 694 3439 761 3517; x_wconf 94' lang='lat' dir='ltr'><strong>quid</strong></span> <span class='ocrx_word' id='word_1_324' title='bbox 777 3458 794 3498; x_wconf 91' lang='lat' dir='ltr'><strong>e</strong></span> <span class='ocrx_word' id='word_1_325' title='bbox 812 3440 894 3517; x_wconf 86' lang='lat' dir='ltr'><strong>pisce</strong></span> <span class='ocrx_word' id='word_1_326' title='bbox 914 3440 1042 3501; x_wconf 86' lang='lat' dir='ltr'><strong>haeserit</strong></span> <span class='ocrx_word' id='word_1_327' title='bbox 1058 3441 1122 3503; x_wconf 85' lang='lat' dir='ltr'><strong>lau·</strong></span> 
     </span>
    </p>
   </div>
   <div class='ocr_carea' id='block_1_3' title="bbox 0 0 1204 3840">
    <p class='ocr_par' dir='ltr' id='par_1_8' title="bbox 0 0 1204 3840">
     <span class='ocr_line' id='line_1_40' title="bbox 0 0 1204 3840; baseline 0 2"><span class='ocrx_word' id='word_1_328' title='bbox 0 0 1204 3840; x_wconf 95' lang='lat' dir='ltr'><strong> </strong></span> 
     </span>
    </p>
   </div>
  </div>
 </body>
</html>
