2400 3840
118 186 180 248 300
470 198 499 245 c.
515 197 777 247 nnmrsncuunr

74 352 188 416 8tllnat
207 369 243 410 ac
259 360 431 429 perungunt.
460 352 601 412 lllnricum
620 352 667 411 vel
689 351 906 425 conchyliorum
927 361 1021 412 testae
1044 353 1117 412 cinis

116 435 242 495 maculas
257 436 285 493 in
300 435 375 494 facie
390 434 540 495 mulierum
551 443 657 513 purgat
673 453 735 496 curo
748 434 836 494 melle
849 435 947 494 inlitus
962 445 1118 514 cutemque

115 527 218 594 erugat
235 528 264 577 et
279 518 407 578 extendit
426 519 556 596 septenis
576 517 678 578 diebus
695 516 792 577 inlitus
814 521 852 578 ita
873 528 904 577 ut
923 528 1030 579 octavo
1050 537 1117 578 can-

116 601 182 660 dido
201 618 321 660 ovorum
341 601 504 661 foveantur.
532 602 670 661 muricum
690 602 810 678 generis
831 610 896 661 sunt
916 619 992 680 qnae
1008 612 1117 663 vocant

116 683 219 743 Graeci
241 684 383 759 coluthia,
405 685 451 744 alii
476 683 630 762 coryphia,
651 684 793 744 turbinata
813 701 908 762 aeque
930 685 983 745 sed
1005 687 1141 746 minorat

115 767 213 844 multo,
230 768 398 828 efficaciora
413 769 498 826 etiam
514 775 543 826 et
558 769 618 827 oris
629 767 748 827 halitum
761 767 961 829 custodientia.
982 767 1116 845 ichthyo-

115 850 192 910 colla
208 859 310 927 erngat
329 859 423 909 cutem
448 850 635 929 extenditque
653 851 682 910 in
703 867 778 928 aqua
798 850 922 911 decocta
938 849 1018 912 horis
1037 861 1117 930 qnat-

72 943 105 996 85
119 942 194 1008 tuor,
212 935 278 993 dein
295 941 433 993 contunsa
449 941 478 992 et
495 932 615 994 subacta
631 934 666 993 ad
682 933 823 1011 liquorem
838 952 932 1011 usque
947 935 1054 995 mellis.
1078 937 1117 995 ita

115 1025 288 1094 praeparata
303 1017 331 1074 in
345 1033 416 1074 vase
431 1033 508 1074 novo
526 1017 657 1076 conditur
672 1025 701 1075 et
715 1018 744 1074 in
759 1034 813 1076 usn
826 1025 961 1096 quattuor
972 1017 1117 1079 drachmis

115 1100 175 1158 eins
192 1099 276 1158 binae
294 1099 422 1177 sulpuris
439 1108 468 1158 et
483 1099 629 1160 anchusae
645 1098 773 1176 totidem,
789 1107 858 1160 ueto
875 1118 994 1178 spumae
1010 1119 1115 1178 argen-
1127 1116 1149 1158 u

113 1190 180 1241 teae
191 1181 331 1241 adduntur
343 1182 542 1261 adspersaqne
555 1200 630 1261 aqua
641 1191 770 1242 teruntur
780 1199 846 1242 una.
868 1185 913 1243 sic
927 1183 1009 1244 inlita
1023 1184 1117 1245 facies

113 1273 181 1343 post
196 1274 330 1343 quattuor
344 1266 432 1326 boras
451 1265 586 1326 abluitur.
614 1266 744 1326 medetur
759 1273 788 1324 et
803 1266 935 1344 lentigini
950 1268 1117 1347 ceterisque

112 1349 188 1408 vitiis
203 1367 240 1408 ex
258 1348 373 1408 ossibus
387 1350 550 1428 saepiarum
566 1351 646 1408 cinis.
670 1349 745 1408 idern
761 1357 790 1407 et
805 1351 900 1409 carnis
916 1351 1118 1410 excrescentis

111 1432 186 1491 tollit
203 1441 232 1491 et
246 1432 341 1492 umida
360 1433 469 1492 ulcera.
499 1432 527 1493 8.
548 1432 655 1492 Psoras
669 1431 745 1492 tollit
760 1449 829 1491 rana
843 1432 967 1493 decocta
982 1434 1012 1493 in
1026 1433 1116 1493 hemi·

111 1516 155 1573 nis
171 1517 295 1595 quinque
318 1532 410 1592 aquae
430 1515 574 1590 marinae,
599 1515 724 1594 excoqui
746 1515 833 1575 debet
851 1515 947 1575 donec
972 1516 1010 1576 sit
1032 1516 1148 1577 lenti-u

69 1607 103 1661 86
115 1597 183 1657 tudo
201 1600 306 1658 mellis.
334 1600 365 1659 lit
377 1600 405 1658 in
423 1599 494 1658 mari
509 1598 681 1674 alcyoneum
693 1598 882 1676 appellatum,
899 1617 916 1658 e
936 1599 1011 1658 nidis
1022 1607 1054 1659 ut
1065 1599 1116 1660 ali·

112 1681 160 1757 qni
173 1683 338 1740 existimant
349 1682 503 1756 alcyonum
514 1690 545 1740 et
557 1699 688 1758 ceycnm,
700 1689 731 1740 ut
744 1681 791 1741 alii
806 1680 940 1742 sordibus
952 1699 1117 1759 spumarum

113 1763 374 1839 crassescentibus,
393 1764 440 1822 alii
456 1764 552 1823 elimo
565 1764 613 1823 vel
628 1764 749 1843 quadarn
763 1767 849 1824 maris
866 1765 1012 1841 lanugine.
1035 1775 1116 1846 quat

111 1853 177 1905 tuor
193 1846 255 1904 eius
271 1862 396 1920 genera:
416 1847 562 1906 cinereum
579 1848 719 1925 spissum,
738 1849 837 1908 odoris
860 1850 971 1926 asperi,
994 1848 1117 1909 alterurn

111 1928 209 2004 molle,
226 1929 331 2005 lenius,
348 1928 439 1989 odore
454 1929 517 1989 lere
533 1929 628 2006 algae,
641 1933 755 1990 tertium
768 1931 940 1990 candidioris
953 1933 1114 2009 vermiculi,
1123 1953 1148 1994 ao

68 2021 101 2076 87
115 2021 245 2090 quantum
255 2013 442 2090 pumicosius,
454 2031 604 2090 spongeae
616 2015 691 2092 putri
705 2014 808 2075 simile.
832 2032 926 2092 paene
939 2032 1115 2093 purpureum

112 2095 188 2172 quod
203 2096 425 2173 optumum,huc
438 2104 467 2154 et
474 2096 616 2157 llilesium
629 2105 761 2158 vocatur.
785 2114 842 2175 quo
859 2097 1005 2157 candidius
1021 2107 1115 2158 autem

111 2178 167 2237 hoc
183 2181 276 2236 minus
291 2177 444 2256 probabile
469 2188 524 2239 est.
549 2182 709 2239 viseerum
726 2189 756 2239 ut
772 2180 958 2256 exulcerent,
978 2191 1114 2260 purgent.

111 2278 179 2319 usus
195 2261 280 2319 tostis
295 2269 324 2319 et
340 2262 402 2320 sine
418 2261 495 2321 oleo.
518 2263 590 2321 mire
605 2262 712 2340 lepras,
732 2262 873 2337 lichenas,
890 2263 1046 2341 lentigines
1059 2264 1114 2324 tol·

110 2341 171 2401 lunt
186 2360 250 2401 cnm
273 2343 371 2419 lupino
387 2352 417 2402 et
431 2344 557 2422 sulpuris
572 2344 684 2404 duobus
700 2345 805 2406 obolis.
835 2347 979 2421 alcyoneo
1000 2357 1148 2408 utunturat

111 2424 190 2484 etad
214 2426 363 2484 oculorum
384 2428 547 2489 cicatrices.
576 2428 707 2488 Andreas
727 2428 763 2488 ad
785 2430 884 2507 lepras
900 2432 997 2490 cancri
1014 2431 1113 2491 cinere

111 2526 173 2568 curo
194 2508 262 2568 oleo
277 2527 345 2568 usus
366 2518 421 2586 est,
437 2510 551 2570 Attalus
569 2513 668 2586 thynni
684 2513 770 2591 adipe
785 2515 908 2572 recenti.

68 2601 103 2656 88
175 2592 259 2671 (28.)
281 2592 347 2652 Oris
362 2593 462 2653 ulcera
478 2612 623 2655 menarum
637 2597 727 2655 muria
755 2605 783 2655 et
806 2597 930 2675 capitum
953 2597 1024 2657 cinis
1049 2615 1113 2657 cum

109 2675 198 2735 melle
214 2685 304 2736 sanat.
335 2686 458 2737 strumas
481 2679 569 2757 pungi
593 2679 681 2757 piscis
705 2680 767 2738 eius
782 2681 830 2757 qui
844 2697 913 2740 rana
930 2682 959 2740 in
975 2681 1046 2740 mari
1062 2698 1112 2758 ap·

110 2758 235 2836 pellatur
250 2759 379 2819 ossiculo
395 2761 515 2821 ecauda
529 2764 567 2821 ita
584 2770 686 2821 utnon
701 2762 836 2822 volueret
850 2763 981 2841 prodest.
1002 2763 1111 2824 facien·
1122 2779 1147 2831 ao

111 2840 176 2900 dum
192 2841 220 2900 id
234 2843 340 2902 cotidie
355 2843 450 2903 donee
467 2854 667 2922 percurentnr.
697 2845 798 2905 eadem
813 2848 858 2906 vis
876 2855 922 2907 est
944 2848 1113 2925 pastinacae

110 2924 191 2984 radio
208 2933 237 2984 et
252 2925 347 3002 lepori
368 2929 477 2986 marino
496 2930 623 3005 inposito
641 2930 678 2987 ita
701 2936 729 2987 ut
746 2929 883 2989 celeriter
897 2939 1113 3009 removeantur,

112 3008 206 3069 echini
222 3009 305 3068 testis
321 3012 469 3069 contunsis
486 3019 515 3069 et
531 3020 668 3070 exacuto
685 3011 789 3087 inlitis,
812 3014 880 3072 item
897 3013 1114 3092 scolopendrae

109 3096 234 3153 marinae
253 3111 269 3152 e
286 3092 388 3168 mello,
413 3110 520 3152 cancro
535 3093 664 3152 lluviatili
681 3097 804 3156 contrito
826 3096 875 3155 vel
898 3096 1051 3156 combusto
1075 3114 1114 3156 ex

110 3175 205 3235 melle.
235 3177 355 3236 mirilico
372 3185 493 3254 prosunt
515 3184 545 3235 et
560 3177 678 3252 saepiae
700 3195 768 3238 ossa
790 3189 853 3240 curn
870 3182 993 3256 axungia
1010 3189 1113 3239 vetere
1123 3201 1148 3241 as

67 3267 103 3322 89
116 3267 254 3318 contunsa
268 3268 298 3318 et
312 3258 403 3318 inlita.
424 3261 474 3319 Sic
490 3268 519 3318 ct
533 3258 569 3318 ad
585 3260 734 3338 parotidas
745 3270 868 3338 utuntur,
885 3271 914 3322 et
931 3263 1007 3322 sauri
1021 3264 1113 3342 piscis

110 3342 210 3400 marini
222 3340 409 3416 iocineribus,
422 3344 490 3419 quin
506 3350 535 3400 et
546 3344 628 3401 testis
642 3344 705 3404 cadi
720 3344 930 3405 salsamentarii
943 3349 1034 3406 tunsis
1047 3363 1112 3406 curn

111 3428 235 3502 axungia
251 3433 368 3500 vetere,
393 3427 530 3484 muricum
549 3425 647 3485 cinere
662 3445 699 3486 ex
723 3427 791 3487 oleo
813 3428 849 3488 od
871 3429 1018 3509 parotidas
1036 3438 1112 3489 stru-
