2400 3840
135 166 196 227 172
502 176 531 223 c.
549 175 646 223 nunu
663 174 814 223 ausuum

86 345 122 399 88
133 334 243 394 ctiones
257 335 348 393 omnis
363 348 433 411 quas
446 329 665 390 rheumatismos
675 338 783 390 vocant
797 329 880 389 sistit.
904 331 1040 390 ramentis
1055 331 1126 391 ebo-

129 417 168 476 ris
185 435 248 478 cum
269 417 357 476 melle
372 415 487 490 Attico,
513 422 544 471 ut
557 413 651 489 aiunt,
677 413 839 473 nubeculae
862 413 891 471 in
912 413 1007 489 facie,
1035 415 1126 474 scobe

128 501 308 577 paronychia
326 498 473 560 tolluntur.
504 495 688 575 proboscidis
710 504 788 557 tactu
810 497 914 574 capitis
936 495 1022 556 dolor
1048 497 1126 559 leva-

128 592 183 660 tur,
203 584 353 644 efficacius
376 582 400 641 si
426 588 456 639 et
476 589 614 639 sternuat.
641 578 742 640 dextra
764 599 831 660 pars
853 578 1039 658 proboscidis
1063 597 1127 641 cum

126 666 243 728 Lemnia
271 666 385 727 rubrica
407 663 562 740 adalligata
582 663 707 741 impetus
728 663 873 724 libidinum
898 663 1031 723 stimulat.
1062 683 1151 728 san-o

127 752 192 826 guis
207 761 236 810 et
255 748 424 825 syntecticis
442 747 572 823 prodest,
589 747 729 824 iocurque
746 745 937 807 comitialibus
951 746 1070 807 morbis.

84 842 119 898 89
184 835 269 913 (25.)
291 833 397 892 Leonis
413 830 516 909 adipes
539 848 603 888 cum
617 848 742 892 rosaceo
767 840 861 890 cutem
883 831 912 888 in
932 829 1008 890 iacie
1031 841 1126 891 custo·

128 918 238 977 diunta
255 917 332 976 vitiis
350 913 573 991 candoremque.
604 924 705 975 sanant
729 924 758 974 et
777 913 878 974 adusta
893 913 1007 972 nivibus
1022 916 1126 975 articu-

128 1000 277 1075 lorumque
300 1008 438 1058 tumores.
470 997 622 1073 lllagorum
644 999 755 1058 vanitas
779 998 927 1078 perunctis
951 998 1036 1076 adipe
1056 998 1128 1058 faci·

128 1082 232 1141 liorem
256 1084 376 1159 gratiam
403 1081 478 1160 apud
502 1081 628 1159 populos
649 1100 775 1158 regesve
796 1081 949 1159 promittit,
967 1082 1160 1162 praecipuam

126 1173 221 1225 tameo
236 1183 273 1226 eo
290 1165 390 1242 pingui
414 1165 490 1242 quod
505 1166 543 1224 sit
565 1166 640 1224 inter
661 1165 837 1243 supercilia,
858 1163 906 1223 ubi
930 1182 997 1224 esse
1012 1165 1128 1230 nullum

86 1258 242 1327 90potest.
274 1249 377 1310 similia
393 1248 504 1324 dentis,
519 1266 650 1308 maxume
671 1267 687 1308 a
704 1249 826 1309 dextera
844 1257 944 1327 parte,
966 1248 1088 1326 villique
1110 1268 1126 1308 e

126 1341 222 1392 rostro
235 1333 365 1392 inferiori
378 1334 520 1412 promissa
533 1341 607 1391 suut.
635 1331 676 1392 iel
692 1350 766 1410 aqua
775 1331 869 1392 addita
886 1332 1046 1391 claritatem
1059 1349 1126 1392 ocu·

127 1416 162 1475 lis
181 1416 304 1477 inunctis
318 1416 390 1476 facit
404 1425 433 1476 et
449 1434 512 1477 cum
528 1414 613 1494 adipe
625 1416 756 1476 eiusdem
772 1415 924 1476 comitialis
935 1415 1056 1476 morbos
1071 1415 1126 1475 dis-

126 1500 197 1559 cutit
212 1500 271 1560 levi
289 1508 374 1577 gustu
393 1509 422 1559 et
441 1509 472 1558 ut
496 1500 627 1576 protinus
652 1502 700 1578 qui
722 1517 872 1577 sumpsere
890 1516 975 1559 cursu
997 1499 1025 1559 id
1046 1499 1159 1585 digera

125 1592 198 1642 rant.
236 1599 288 1643 cor
309 1585 338 1641 iu
359 1583 425 1642 cibo
449 1591 592 1660 sumptum
613 1585 759 1660 quartanis
780 1582 926 1660 medetur,
952 1582 1035 1662 adips
1062 1602 1125 1643 cum

126 1682 251 1725 rosaceo
273 1665 424 1725 cotidianis
444 1664 584 1724 febribus.
626 1676 784 1745 perunctos
808 1684 844 1727 eo
869 1665 981 1726 bestiae
1003 1667 1126 1745 fugium,

127 1750 268 1808 resistere
285 1749 370 1808 etiam
384 1748 493 1808 insidiis
510 1748 631 1808 videtur.

83 1841 116 1896 91
183 1830 272 1909 (26.)
293 1830 402 1891 Cameli
433 1829 585 1891 cerebrum
607 1832 763 1893 arefactum
789 1842 945 1910 potumque
973 1852 1011 1892 err
1041 1843 1126 1895 aceto

127 1914 319 1975 comitialibus
334 1914 443 1975 morbis
457 1915 534 1975 aiunt
549 1915 674 1992 mederi,
691 1917 759 1976 item
773 1917 815 1977 iel
832 1934 895 1977 cum
909 1915 997 1976 melle
1014 1927 1160 1997 potum,at

127 1998 184 2057 boc
210 2007 239 2058 et
260 1999 393 2076 anginae.
424 1999 515 2059 cauda
541 1999 670 2060 arelacta
695 2000 771 2060 solvi
799 1999 911 2076 alvom,
942 1999 999 2059 limi
1026 2002 1125 2062 cinere

126 2083 248 2160 crispari
265 2082 400 2160 capillum
424 2100 486 2142 cum
509 2081 588 2142 oleo.
632 2092 662 2143 et
682 2083 867 2158 dysintericis
889 2083 1013 2161 prodeat
1027 2085 1126 2146 inlitus

127 2166 200 2223 ciuis
215 2175 359 2242 potusque
375 2175 510 2243 quantum
525 2165 616 2224 tribus
634 2166 731 2242 digitis
757 2167 902 2244 capiatur,
924 2176 953 2226 et
976 2150 1125 2229 comitiali·

126 2247 180 2306 bus
195 2248 315 2307 morbis.
341 2249 450 2306 urinam
466 2246 623 2308 fullonibus
640 2249 817 2309 utilissimam
834 2268 900 2309 esse
917 2250 1030 2311 tradunt
1044 2253 1126 2312 item·

126 2347 183 2408 que
198 2329 346 2390 ulceribus
361 2330 555 2408 manantibus,
577 2331 718 2392 barbaros
734 2351 855 2393 servare
881 2351 943 2393 eam
964 2335 1123 2413 quinquen·
1134 2351 1160 2393 as

125 2414 173 2473 nio
190 2424 219 2473 et
236 2413 358 2473 beminis
375 2423 462 2493 potae
480 2416 559 2474 ciere
576 2415 681 2476 alvom.
711 2426 808 2478 saetas
830 2435 847 2476 e
869 2410 959 2477 cauda
975 2427 1126 2480 contortas

126 2506 156 2557 et
171 2499 288 2557 sinistro
303 2497 441 2558 bracchio
459 2498 600 2576 adligatus
619 2503 765 2579 quartanis
780 2500 901 2561 mederi.

82 2590 116 2645 92
185 2582 270 2660 (27.)
292 2581 439 2656 Hyaenam
454 2581 533 2659 llagi
549 2602 586 2643 err
607 2583 738 2645 omnibus
755 2583 924 2644 animalibus
945 2586 974 2644 in
994 2602 1126 2647 maxuma

126 2665 312 2725 admiratione
328 2675 502 2744 posuerunt,
525 2675 626 2746 utpote
643 2668 688 2727 cui
709 2679 738 2727 ct
760 2668 817 2746 ipsi
834 2669 962 2745 magicas
980 2678 1058 2728 artes
1073 2670 1125 2730 de·

125 2749 217 2808 derint
239 2749 354 2825 vimque
377 2766 432 2827 qua
454 2750 570 2810 adliciat
592 2750 628 2810 ad
648 2769 682 2810 se
702 2751 833 2810 homines
855 2761 951 2811 mente
971 2752 1160 2819 alienatosa

92 2850 111 2891 a,
124 2832 204 2890 mede
220 2833 429 2908 permutatione
446 2851 535 2902 sexus
555 2851 647 2892 annua
668 2834 732 2894 vice
749 2834 887 2911 diximus,
909 2844 1065 2914 ceteraque
1087 2837 1126 2897 dc

124 2914 301 2973 monstrifica
317 2923 416 2976 natura
433 2918 512 2991 eius,
537 2933 611 2975 nuuc
626 2934 835 2994 persequemur
850 2936 1050 2997 quaecumque
1064 2939 1124 2980 me·

81 3007 116 3062 93
127 2996 230 3056 dicinis
244 2997 412 3076 produntur.
444 2999 603 3077 praecipue
617 2999 765 3076 pantheris
782 3003 888 3063 terrori
909 3020 976 3061 esse
992 3003 1124 3081 traditur,

124 3089 154 3139 ut
169 3099 205 3140 ne
221 3091 361 3142 conentur
376 3082 490 3160 quidem
504 3085 661 3158 resistere,
683 3091 713 3142 et
734 3083 842 3162 aliquid
859 3104 876 3144 e
898 3086 979 3145 corio
996 3087 1058 3146 eius
1074 3087 1124 3147 ba·

123 3163 238 3225 bentem
254 3183 313 3225 non
326 3165 434 3244 adpeti,
449 3166 608 3242 mirumque
623 3165 715 3244 dictu,
736 3168 760 3228 si
776 3168 872 3249 pelles
886 3169 1037 3246 utriusque
1053 3185 1159 3233 con-tt

123 3248 227 3308 trariae
244 3248 472 3327 suspendantur,
490 3247 627 3310 decidere
641 3251 718 3330 pilos
732 3252 901 3331 pantherae.
932 3270 997 3312 cum
1013 3253 1126 3331 fugiant

123 3340 286 3407 venantem,
302 3331 449 3391 declinare
465 3331 501 3391 ad
512 3331 662 3393 dexteram
673 3345 703 3395 ut
716 3337 886 3415 praegressi
898 3335 1021 3396 bominis
1035 3339 1124 3397 vesti·

124 3414 172 3490 gia
190 3423 345 3493 occupent.
378 3414 494 3492 quodsi
517 3419 710 3496 successerit,
731 3419 851 3480 alienari
873 3427 996 3480 mentem
1018 3438 1054 3480 ac
1073 3422 1123 3481 vel
