2400 3840
137 168 200 232 280
479 181 508 230 c.
524 182 619 229 aaran
639 182 790 231 saccum
889 208 892 212 -

138 336 174 395 tis
196 335 231 396 ad
252 336 459 396 extenuandam
483 345 576 396 cutem
601 335 817 414 levandamque.
861 354 1000 414 pecorum
1023 355 1143 418 quoque
1172 392 1177 401 ,

138 418 266 479 scabiem
282 429 311 478 et
325 418 411 479 boum
431 419 528 478 inlitus
549 418 637 494 tollit,
660 418 798 497 daturque
823 417 975 496 lingendus
997 429 1027 480 et
1048 421 1140 482 oeulis

137 504 326 562 iumentorum
340 504 490 582 inspuitur.
520 502 600 562 llaec
616 502 651 561 de
670 502 732 561 sale
747 502 823 562 dicta
839 503 903 562 sint.

96 596 147 650 106
225 588 271 648 lb.
296 587 380 667 (46.)
405 586 452 665 [l]
468 584 533 645 Non
560 594 605 644 est
626 584 784 646 differenda
811 594 840 644 et
855 585 919 644 nitri
940 594 1058 664 natura,
1082 603 1139 647 non

136 669 252 730 multum
270 688 286 730 a
302 670 363 730 sale
380 669 487 728 distans
504 678 533 727 et
549 686 585 728 eo
607 667 770 745 diligentius
793 668 930 745 dicenda,
955 670 1020 747 quia
1044 669 1161 749 palams

137 761 182 813 est
199 762 228 812 et
243 751 373 813 medicos
388 753 436 830 qni
461 752 497 811 de
515 769 551 810 eo
572 750 752 830 scripserunt
767 753 920 828 ignorasse
937 760 1065 812 naturam
1084 771 1139 812 nec

137 854 307 915 quemquam
331 834 535 914 Theophrasto
555 835 720 912 diligentius
741 832 903 894 tradidisse.
943 834 1087 911 Exiguum
1110 836 1140 896 lit

138 920 213 1000 apud
229 919 331 980 Medos
350 917 571 978 canescentibus
587 919 719 978 siccitate
735 917 932 994 convallibus,
944 917 1022 996 quod
1034 926 1141 978 vocant

135 1001 349 1078 halmyrrhaga,
363 1003 454 1060 minus
464 1001 548 1061 etiam
560 1000 718 1062 inl'hracia
726 1005 803 1062 iuxta
815 1000 977 1079 Philippos,
990 1001 1139 1062 sordidum

95 1095 144 1150 107
156 1093 235 1144 terra
251 1101 267 1143 a
283 1101 338 1161 qua
350 1083 498 1162 appellant
509 1086 628 1161 agrium.
651 1101 714 1145 nam
728 1103 837 1164 quercu
847 1094 972 1145 cremata
987 1102 1139 1164 numquam
1147 1095 1170 1137 tt

136 1167 253 1228 multum
267 1167 424 1228 factitatum
436 1176 481 1227 est
496 1176 525 1228 et
540 1168 595 1227 iam
610 1167 721 1247 pridem
731 1170 759 1226 in
772 1177 860 1228 totum
873 1169 1018 1227 omissum.
1044 1185 1139 1247 aquae

138 1268 209 1311 vero
231 1252 357 1312 nitrosae
379 1250 508 1331 pluribus
536 1251 611 1311 locis
634 1253 835 1329 reperiuntur,
863 1251 915 1312 sed
938 1251 1001 1310 sine
1029 1251 1139 1310 viribus

138 1333 285 1396 densandi.
315 1344 460 1413 optumum
475 1335 683 1413 copiosumque
698 1335 725 1393 in
743 1333 825 1394 Clitis
837 1333 1045 1410 Macedoniae,
1061 1332 1140 1413 quod

136 1427 243 1480 vocant
257 1417 486 1495 Chalestricum,
511 1418 659 1479 candidum
682 1435 857 1496 purumque,
879 1435 1051 1497 proxumum
1072 1417 1135 1479 sali.

135 1503 216 1564 lacus
234 1510 281 1562 est
296 1504 421 1562 nitrosus
440 1502 593 1562 exsiliente
615 1501 741 1561 emedio
761 1500 837 1560 dulci
860 1500 1012 1560 fonticulo.
1040 1500 1088 1560 ibi
1108 1501 1170 1561 utus

136 1588 239 1647 nitrum
262 1588 341 1647 circa
362 1586 442 1646 canis
464 1595 556 1646 ortum
577 1585 698 1644 novenis
719 1583 821 1644 diebus
839 1583 1017 1660 totidemque
1041 1591 1139 1644 cessat

95 1681 145 1735 loe
157 1687 192 1729 ac
207 1687 306 1728 rursus
322 1670 429 1728 innatat
444 1679 473 1728 et
484 1668 588 1728 deinde
602 1675 708 1727 cessat.
735 1685 792 1746 quo
805 1667 926 1746 adparet
940 1666 1139 1727 solinaturam

137 1770 205 1812 esse
221 1769 295 1830 quae
308 1752 425 1828 gignat,
441 1751 574 1829 quoniam
590 1759 758 1828 conpertum
771 1759 815 1810 est
829 1768 885 1822 nec
898 1749 979 1810 soles
990 1750 1138 1828 prolicere

137 1837 304 1914 quicquam,
322 1852 385 1893 cum
398 1842 508 1910 cesset,
525 1851 581 1893 nec
592 1832 700 1894 imbris.
732 1837 831 1893 mirum
854 1842 883 1892 et
898 1832 983 1910 illud,
1001 1832 1138 1892 scatebra

135 1918 267 1979 fonticuli
283 1935 399 1996 semper
415 1919 554 1977 emicante
577 1917 670 1976 lacum
690 1934 784 1994 neque
800 1917 900 1994 augeri
919 1934 1015 1994 neque
1034 1917 1171 1977 fluerem

136 2003 181 2063 his
197 2010 290 2062 autern
305 2001 406 2061 diebus
423 2000 525 2080 quibus
543 2001 671 2078 gignitur
686 2001 710 2058 si
725 2000 808 2060 luere
829 1999 950 2076 imbres,
971 1999 1079 2059 salsius
1094 2000 1136 2059 ni·

136 2097 210 2146 trum
226 2085 349 2160 iaciunt,
368 2084 518 2163 aquilones
533 2083 677 2158 deterius,
693 2084 758 2160 quia
773 2082 896 2143 validius
915 2091 1089 2153 conmovent
1103 2082 1137 2145 li·

98 2182 148 2236 109
159 2187 244 2229 mum.
273 2167 311 2228 Et
324 2168 381 2227 hoc
395 2166 509 2246 quidem
523 2167 665 2240 nascitur,
688 2165 735 2245 [2]
751 2166 779 2225 in
796 2166 933 2245 Aegypto
949 2175 1046 2226 autem
1068 2182 1137 2225 con·

137 2254 232 2313 licitur
248 2251 336 2309 multo
350 2249 554 2324 abundantius,
574 2249 626 2309 sed
641 2249 779 2310 deterius.
812 2267 877 2310 nam
897 2250 1007 2321 luscum
1024 2248 1136 2328 lapido·

136 2351 256 2412 sumque
272 2341 326 2394 est.
356 2334 387 2392 lit
403 2351 495 2412 paene
510 2332 614 2393 eodem
628 2330 783 2410 modoque
800 2333 861 2407 sal,
877 2335 931 2393 nisi
945 2333 1022 2412 quod
1038 2332 1172 2394 salinistt

136 2435 215 2478 mare
241 2414 403 2493 infundunt,
423 2415 519 2476 Nilum
537 2425 630 2476 autem
655 2416 741 2475 modo
765 2417 897 2477 nitrariis.
936 2416 991 2476 hae
1014 2415 1138 2476 cedente

136 2500 203 2561 Nilo
221 2500 337 2560 madent
352 2517 421 2559 suco
436 2501 502 2560 nitri
517 2499 565 2561 XL
580 2499 684 2560 diebus
700 2500 859 2575 continuis,
881 2517 939 2560 non
955 2509 984 2559 ut
998 2501 1027 2557 in
1040 2499 1138 2559 blace-

137 2584 222 2644 donia
245 2584 336 2644 statis.
381 2584 405 2641 si
427 2593 455 2643 et
472 2582 768 2661 imbresadluerunt,
798 2584 890 2642 minus
912 2602 928 2642 e
951 2582 1067 2642 ilumine
1088 2580 1137 2640 ad·

137 2668 221 2744 dont,
239 2668 390 2744 statimque
406 2675 435 2727 ut
450 2667 564 2727 densari
581 2676 717 2745 coeptum
734 2674 795 2743 est,
810 2668 936 2744 rapitur,
955 2683 991 2724 ne
1005 2665 1136 2724 resolua-

135 2761 181 2811 tur
195 2753 224 2809 in
238 2752 373 2811 nitrariis.
402 2752 445 2810 sic
460 2769 575 2829 quoque
587 2751 646 2811 olei
656 2759 757 2810 natura
770 2751 940 2825 intervenit,
956 2748 991 2809 ad
1006 2747 1135 2807 scabiem
1144 2759 1171 2802 ao

136 2833 297 2894 animalium
323 2832 410 2893 utilis.
451 2834 544 2913 ipsum
567 2843 661 2895 antem
683 2831 828 2893 conditum
851 2833 879 2891 in
902 2831 1017 2892 acervis
1042 2830 1134 2891 durat.

96 2929 147 2982 110
158 2916 258 2977 Mirum
273 2918 301 2975 in
318 2917 383 2976 lacu
400 2916 527 2978 Ascanio
543 2927 572 2978 et
586 2917 754 2997 quibusdam
767 2919 844 2977 circa
857 2911 994 2976 Chalcida
1009 2913 1136 2974 lontibus

136 3017 259 3060 summas
272 3017 362 3078 aquas
378 2999 469 3061 dulcis
485 3019 553 3061 esse
571 3000 740 3079 potarique,
764 2999 920 3059 inferiores
935 2999 1069 3058 nitrosas.
1103 2996 1140 3079 ln·

136 3086 212 3144 nitro
228 3093 373 3161 optumum
388 3085 464 3163 quod
479 3085 690 3158 tenuissimum,
712 3093 741 3144 et
756 3084 823 3143 ideo
840 3100 940 3160 spuma
957 3080 1075 3155 melior,
1099 3079 1136 3140 ad

137 3167 232 3245 aliqua
260 3176 354 3228 tamen
381 3167 541 3243 sordidum,
568 3175 709 3244 tamquam
730 3166 765 3226 ad
793 3166 960 3226 inliciendas
991 3180 1133 3242 purpuras
1143 3173 1171 3216 tt

92 3265 125 3310 aa.
144 3269 176 3304 rsa
196 3250 393 3329 tincturasque
418 3252 519 3310 omnis.
554 3248 675 3326 blagnus
695 3259 724 3309 et
744 3250 819 3315 vitro
841 3267 927 3324 usus,
953 3249 1001 3326 qui
1023 3247 1135 3306 dicetur

99 3343 145 3395 111
159 3350 211 3392 suo
226 3333 303 3394 loco.
330 3334 377 3412 [3]
398 3333 540 3392 Nitrariae
565 3332 694 3410 Aegypti
719 3334 798 3392 eirca
813 3332 979 3393 Naucratim
1001 3339 1030 3389 et
1045 3330 1134 3390 blem-

138 3414 216 3493 phim
231 3425 338 3476 tantum
353 3416 487 3476 solebant
502 3434 586 3493 esse,
602 3418 681 3476 circa
694 3416 848 3496 Memphim
866 3414 1038 3475 deteriores.
1069 3429 1137 3474 nam
