2400 3840
132 181 194 244 218
468 193 498 241 c.
514 194 610 242 resur
627 193 779 242 sueonum

132 365 216 427 quam
232 364 289 409 ovo
311 356 359 407 aut
380 364 448 407 cera
469 356 517 408 aut
537 346 604 407 iaba
625 347 755 408 inclusos
776 354 914 408 censeant
931 344 1127 422 devorandos,
1192 370 1195 395 ι

130 431 204 492 ialsa
219 450 273 491 nec
289 429 443 492 referenda
456 431 591 491 arbitror.
628 430 753 508 lethargi
764 440 870 491 motum
885 429 1046 490 medicinae
1064 445 1127 490 cnm

131 525 300 592 argumento
327 513 480 589 adhibent,
511 515 645 592 quoniam
671 515 801 574 vincatur
824 513 954 592 aspidum
979 512 1128 572 somniiica

131 601 185 676 vis,
201 606 341 678 septenos
356 599 385 656 io
400 598 504 672 cyatho
524 613 616 674 aquae
637 597 753 675 dantes,
778 597 938 676 puerilibus
959 596 1042 656 annis
1058 613 1128 675 qua·
1193 620 1195 625 ·

88 691 244 748 aeternos.
288 691 318 742 et
339 683 367 740 in
390 681 552 757 stranguria
573 679 687 740 listulae
702 682 869 760 inposuere.
900 678 974 740 adeo
991 678 1061 738 nibil
1077 695 1149 757 pa=s

130 783 199 825 reos
214 765 264 825 illa
283 782 379 824 rerum
394 765 516 822 omnium
537 765 600 822 siue
621 765 786 840 ingentibus
803 765 899 823 causis
915 763 1023 841 genuit.
1059 763 1127 840 quio

131 859 160 909 et
184 849 326 925 adligatos
347 847 432 906 laevo
457 846 594 906 bracchio
611 846 694 906 binos
715 847 780 907 lana
800 846 939 926 subrepta
960 845 1127 924 pastoribus

129 934 268 992 resistere
296 930 445 988 nocturnis
467 928 596 989 febribus
620 929 823 1007 prodiderunt,
852 930 958 989 diurnis
973 929 1002 987 in
1021 942 1126 988 russeo

131 1032 237 1093 panno.
278 1030 378 1071 mneos
394 1014 429 1071 iis
445 1012 613 1072 adversatur
630 1013 824 1092 scolopendra
842 1014 996 1089 suffituque
1012 1019 1126 1071 enecat.

88 1108 122 1163 66
186 1096 269 1174 (18.)
293 1095 420 1173 Aspidos
436 1113 593 1175 percussos
607 1104 728 1175 torpore
743 1105 773 1156 et
793 1113 893 1156 somno
909 1104 1014 1155 necant
1037 1094 1158 1154 omui-u

131 1199 177 1240 um
201 1181 378 1257 serpentium
399 1181 519 1239 miuume
541 1180 694 1239 sanabiles.
724 1181 776 1239 sed
797 1197 937 1239 venenum
958 1194 1076 1253 earum,
1103 1178 1128 1236 si

132 1264 301 1341 sanguinem
317 1265 431 1341 attingit
446 1272 494 1323 aut
508 1280 612 1323 recens
627 1263 742 1340 volnus,
759 1265 853 1323 statim
866 1263 1028 1338 interemit,
1045 1262 1070 1320 si
1085 1263 1126 1319 in·

130 1355 289 1407 veteratum
305 1347 535 1422 ulcus,·terdius.
564 1346 600 1405 de
616 1355 717 1405 cetero
733 1355 831 1424 potum
847 1344 1025 1424 quantalibet
1041 1344 1127 1423 copia

129 1450 188 1492 non
205 1439 308 1506 nocet,
334 1448 391 1489 non
410 1440 455 1490 est
479 1432 553 1489 enim
570 1429 686 1488 tabiiica
706 1431 768 1506 vis,
787 1431 883 1507 itaque
907 1428 1007 1488 occisa
1028 1442 1127 1487 morsa

131 1533 229 1574 earum
246 1514 378 1573 animalia
400 1513 472 1571 cibis
486 1513 601 1573 innoxia
617 1521 689 1570 sunt.
723 1521 876 1572 cunctarer
896 1513 925 1572 In
947 1509 1157 1590 proierendore

130 1616 170 1657 en
185 1597 230 1657 his
245 1596 392 1672 remedio,
414 1598 442 1654 ui
462 1595 500 1655 II.
516 1597 610 1656 Varro
624 1593 780 1654 LXXXIII.
796 1597 873 1655 vitae
891 1612 965 1655 anuo
984 1593 1126 1672 prodidis-

131 1690 177 1740 set
187 1680 318 1757 aspidum
332 1681 405 1737 ictus
417 1677 619 1737 efficacissime
633 1682 726 1738 sanari
741 1678 843 1738 hausta
857 1697 872 1738 a
886 1679 1034 1757 percussis
1048 1679 1127 1755 ipso·

130 1780 192 1822 rurn
208 1779 299 1820 urrna.

85 1856 124 1913 66
186 1844 268 1922 (19.)
290 1843 433 1918 BasIIisci,
450 1861 534 1920 quem
550 1843 633 1902 etlam
651 1851 803 1921 serpentes
820 1845 901 1922 ipsae
917 1842 1039 1919 fugiunt,
1055 1842 1127 1902 alias

131 1928 240 1989 olfactu
254 1935 414 2002 necantem,
434 1926 482 2004 qui
498 1926 651 2002 hominem,
665 1927 713 1986 vel
731 1927 754 1984 si
770 1925 911 2005 adspIciat
924 1934 1041 2002 tautum,
1056 1925 1159 1985 dici-ee

131 2022 177 2072 tur
200 2013 389 2086 interemere,
421 2011 589 2087 sanguinem
608 2010 686 2086 Magi
708 2011 787 2068 miris
816 2008 948 2069 laudibus
976 2007 1128 2068 celebrant

132 2103 285 2154 coeuntem
302 2096 376 2171 picis
392 2093 478 2152 modo
495 2103 525 2152 et
539 2094 655 2169 colore,
672 2093 789 2152 dilutum
807 2091 953 2150 cinnabari
971 2091 1127 2150 clariorem

131 2180 204 2237 lieri.
234 2176 389 2236 attribuunt
410 2177 436 2234 ei
458 2185 487 2234 et
502 2193 657 2235 successus
672 2177 839 2253 petitionum
854 2193 870 2234 a
886 2173 1080 2252 potestatibus
1098 2183 1127 2233 et

130 2260 205 2321 adis
220 2261 304 2317 etiarn
319 2276 451 2334 precum,
475 2259 639 2317 morborum
655 2259 799 2333 remedia,
820 2257 1026 2317 veneficiorum
1048 2274 1126 2316 amn·

131 2343 200 2402 leta.
231 2340 343 2418 quidam
363 2341 391 2400 id
409 2342 523 2401 Saturni
540 2341 879 2420 sanguiuemappellant.
1134 2353 1159 2394 aa

86 2435 122 2492 67
189 2424 274 2502 (20.)
295 2423 392 2483 Draco
408 2441 466 2484 non
481 2423 569 2484 babet
584 2441 706 2484 venena.
737 2434 822 2502 caput
842 2426 904 2483 eius
926 2423 1013 2492 limIni
1029 2425 1127 2482 ianua·

131 2526 192 2568 rum
214 2507 354 2567 subditum
374 2509 535 2586 propitiatis
556 2507 725 2568 adoratione
747 2508 790 2567 dis
811 2507 988 2567 fortunatam
1011 2505 1128 2564 domum

131 2592 231 2652 lacere
247 2592 431 2670 promittitur.
467 2591 559 2651 oculis
573 2593 636 2650 ciue
650 2591 817 2651 Invetcratis
839 2598 868 2649 et
891 2607 954 2649 cum
968 2589 1057 2648 melle
1076 2589 1127 2648 tri·

130 2677 167 2734 tis
190 2675 324 2735 inunctos
345 2691 403 2733 non
424 2693 625 2752 expavescere
647 2675 682 2736 ad
699 2683 853 2735 nocturnas
875 2674 1015 2749 imagines
1038 2673 1127 2731 etiam

132 2758 264 2837 pavidos.
301 2757 397 2816 cordis
421 2759 527 2835 piugue
546 2759 575 2816 iu
599 2759 677 2836 pelle
699 2756 854 2819 dorcadum
874 2756 971 2814 nervis
999 2755 1159 2816 cervirrse

132 2839 317 2915 adalligatum
334 2841 362 2897 in
379 2840 488 2900 lacerto
502 2841 636 2901 conferre
651 2842 819 2900 iudiciorum
831 2840 982 2899 vIctoriae.
1004 2839 1128 2916 primum

131 2921 304 3002 spondylum
321 2922 413 2982 aditus
432 2927 615 3002 potestatium
632 2923 770 2982 mulcere.
799 2923 893 2983 dentis
907 2921 970 2980 eius
988 2921 1127 2998 iuligatos

131 3003 256 3085 pellibus
279 3022 446 3084 caprearum
469 3009 593 3067 cervinis
608 3005 706 3065 nervis
725 3007 800 3064 mitis
820 3013 972 3084 praestare
992 3004 1127 3065 dominos

108 3090 350 3167 apotestatisque
379 3089 547 3151 exorabilis.
585 3089 637 3147 scd
660 3106 751 3166 super
771 3090 864 3147 emula
889 3097 934 3147 est
958 3088 1126 3166 conpositio

134 3191 188 3251 qua
207 3174 332 3232 invictos
347 3173 455 3234 iaciunt
468 3173 618 3248 Magorum
633 3171 798 3231 mendacia:
828 3171 917 3230 cauda
940 3170 1075 3230 draconis
1096 3180 1161 3231 etas

134 3258 239 3334 capite,
255 3258 321 3335 pilis
337 3256 431 3316 leonis
445 3275 462 3315 e
477 3256 572 3315 fronte
584 3263 614 3312 et
628 3254 754 3315 medulla
766 3254 905 3331 eiusdem,
921 3255 989 3332 equi
1001 3254 1125 3314 victoris

132 3357 242 3417 spuma,
259 3341 337 3400 canis
356 3356 451 3416 ungue
468 3336 629 3413 adalligatis
644 3339 762 3399 cervino
778 3337 860 3398 corio
872 3338 1028 3414 nervisque
1043 3338 1127 3396 cerri

132 3423 279 3483 alternatis
300 3432 330 3482 et
358 3421 510 3496 dorcadis,
539 3438 613 3498 qaae
637 3423 807 3497 coarguisse
834 3436 891 3478 uon
917 3420 1009 3479 minus
1031 3419 1127 3480 reiert
