2400 3840
135 213 176 274 62
479 224 788 274 commemorer

97 377 481 522 lecisseycleemporum,
511 398 573 441 cunr
590 379 646 440 alia
664 397 716 440 sno
734 388 764 440 et
787 381 900 440 nomine
923 380 1044 458 ederet,
1064 384 1129 472 quis

134 481 184 523 cre
206 470 235 522 at

93 555 144 610 166
226 546 312 626 102.)
343 546 501 607 Democriti
518 555 599 608 certe
615 546 790 607 chirocmeta
813 566 881 608 esse
897 553 1020 608 constat.
1053 555 1082 606 at
1099 549 1129 608 ln

133 629 178 688 his
202 629 261 689 ile·
275 638 343 709 post
370 629 563 708 Pythagoram
589 629 738 708 Magorum
766 631 994 690 studiosissimus
1019 639 1128 709 quomo

133 715 355 790 portentosiora
371 712 473 772 tradit!
490 713 688 792 aglaophotim
704 713 834 791 herbam,
847 712 1150 791 quae'admirationec

133 796 279 856 bominum
293 803 416 874 propter
433 798 568 856 eximium
580 796 710 857 colorem
723 800 872 875 acceperit
885 814 1000 873 nomen,
1016 797 1128 857 inmar-

132 878 262 939 moribus
279 879 407 939 Arabiae
423 888 592 940 nascentem
606 879 726 940 Persico
743 881 854 957 latere,
872 897 927 957 qua
944 881 979 940 de
994 897 1081 940 cansa
1097 889 1129 940 et

132 962 316 1020 marmaritim
343 965 451 1022 vocari
493 962 547 1022 bac
560 961 662 1040 blagos
685 965 751 1063 uti,
776 982 839 1024 curn
860 962 952 1023 velint
967 963 1040 1022 deos
1056 973 1127 1023 evo·

92 1055 142 1109 161
156 1062 232 1103 care.
262 1043 477 1106 Achaemenida
491 1045 593 1106 colore
610 1046 751 1106 electri
728 1066 791 1107 stne
808 1047 881 1107 folio
902 1047 981 1106 nasci
1007 1047 1036 1105 in
1057 1044 1127 1107 'l'ra-

133 1126 245 1187 dastilis
267 1126 382 1205 lndiae,
410 1129 491 1188 cuins
516 1129 658 1189 radicem
676 1130 810 1215 pastillos
831 1130 994 1207 digestain
1017 1129 1125 1208 dieque
1135 1150 1162 1194 ιο

133 1218 203 1288 pota
225 1211 253 1269 in
277 1211 345 1271 vino
369 1213 448 1271 noxii
472 1229 527 1290 per
547 1214 690 1272 cruciatus
706 1221 801 1274 nocte
821 1213 1012 1273 confiteantur
1032 1215 1128 1274 omnia

133 1295 297 1372 pervarias
321 1296 466 1355 numinum
493 1297 731 1373 imaginationes,
759 1296 879 1358 eandem
901 1295 1127 1375 hippophobada

91 1377 290 1456 162appellat,
305 1382 440 1456 quoniam
455 1396 549 1456 equae
566 1380 724 1458 praecipue
746 1387 867 1440 caveant
882 1397 952 1438 eam.
972 1376 1126 1439 Theobro·

134 1462 196 1522 tion
225 1459 310 1521 XXX
333 1462 469 1522 schoenis
491 1480 507 1522 a
529 1459 664 1541 Choaspe
680 1464 770 1539 nasci,
784 1479 927 1541 pavonum
943 1463 1065 1540 picturis
1087 1464 1126 1522 si·

131 1545 245 1619 milem,
271 1545 363 1605 odore
379 1547 495 1605 eximio.
514 1544 588 1605 hanc
601 1554 696 1606 autern
713 1564 730 1606 a
746 1546 866 1623 regibus
878 1544 1032 1605 Persarum
1046 1562 1160 1612 com-15

133 1627 180 1686 edi
203 1635 251 1686 aut
272 1627 333 1686 bibi
356 1636 458 1688 contra
476 1629 569 1688 omnia
581 1646 736 1707 corporum
751 1628 940 1727 incommoda,
956 1628 1126 1689 instabilita-

133 1718 192 1770 tem
207 1712 329 1786 mentis,
348 1711 469 1770 eandem
484 1712 617 1770 semnion
640 1730 656 1771 a
678 1715 828 1790 potentiae
850 1713 1001 1772 maiestate
1024 1713 1125 1791 appel·

132 1792 195 1852 lari
232 1791 327 1852 Aliam
353 1792 458 1853 deinde
486 1794 661 1854 adamantida
681 1795 837 1856 Armeniae
864 1793 1124 1887 Cappadociaeque

42 1949 44 1952 .
133 1876 281 1937 alumnam.
299 1868 355 1937 hac
368 1875 493 1937 admota
498 1875 602 1938 leones
619 1879 780 1957 resupinari
796 1897 860 1938 curn
875 1879 954 1939 bratu
964 1878 1053 1938 lasso
1073 1882 1124 1939 no-

132 1960 215 2019 minis
230 1977 345 2021 causam
360 1980 428 2021 esse
445 1960 521 2040 quod
536 1965 650 2022 conteri
666 1970 799 2039 nequeat.
833 1960 998 2022 Arianida
990 1981 1019 2021 ιιι
1040 1961 1123 2022 Aria·
1112 1983 1158 2024 -ac

133 2045 177 2104 nis
193 2044 274 2120 gigni
291 2045 406 2122 igneam
421 2044 538 2122 colore,
560 2045 675 2123 colligi,
696 2064 759 2105 curn
774 2044 848 2105 sol
840 2063 869 2104 nn
888 2044 976 2106 leone
998 2047 1043 2104 sit.
1073 2044 1124 2104 hu·

90 2137 143 2194 163
155 2128 198 2185 ius
219 2135 295 2187 tactu
310 2137 450 2206 peruncta
466 2127 534 2188 oleo
550 2129 628 2206 lIgna
643 2127 769 2189 accendi.
797 2127 981 2189 Theronarca
1005 2130 1035 2188 in
1050 2125 1123 2207 Gap·

133 2209 254 2288 padocia
269 2219 299 2269 et
315 2209 409 2288 lipsia
424 2220 564 2271 nascente
581 2215 671 2272 omnis
693 2213 770 2272 ieras
792 2220 963 2290 torpescere
986 2229 1041 2271 nec
1066 2214 1122 2272 nisi

72 2304 76 2311 '
131 2293 262 2369 hyaenae
277 2295 360 2354 urina
376 2293 516 2373 adspersa
531 2297 671 2372 recreari,
686 2294 863 2375 Aethiopida
873 2298 903 2356 in
913 2295 1015 2357 bleroe
1030 2297 1122 2371 nasci,

132 2376 170 2437 ob
187 2376 217 2435 id
233 2385 263 2436 ct
279 2375 412 2438 blercida
427 2377 586 2457 appellari,
597 2378 672 2441 lolio
688 2377 835 2456 lactucae,
851 2378 1017 2457 hydropicis
1029 2377 1157 2440 utilis-as

132 2462 230 2521 simam
245 2461 368 2522 emulso
383 2470 489 2540 potam.
514 2462 663 2541 ophiusam
677 2461 905 2542 inlllepbantine
921 2460 1051 2522 eiusdem
1062 2460 1122 2522 Ae·

132 2544 278 2624 thiopiae,
296 2545 412 2606 lividam
428 2545 631 2624 difficilemque
648 2545 803 2624 adspectu,
818 2563 873 2624 qua
891 2554 961 2624 pota
977 2553 1121 2606 terrorem

131 2631 280 2706 minasque
297 2631 476 2708 serpentium
494 2630 667 2690 obversari
659 2639 699 2689 uta
716 2638 748 2689 ut
763 2637 886 2689 mortem
904 2630 959 2688 sibi
984 2645 1021 2688 eo
1041 2637 1120 2688 metu

132 2715 330 2789 consciscant,
352 2712 390 2773 cb
410 2713 440 2772 id
459 2714 526 2789 cogi
548 2713 708 2790 sacrilegos
735 2712 813 2772 illam
827 2712 948 2810 bibere,
972 2711 1121 2772 adversari

90 2803 142 2858 164
154 2802 248 2853 autern
260 2813 287 2854 er
281 2755 482 2874 phlmeum
454 2813 557 2854 vrnum.
574 2794 836 2877 Thalassaeglen
812 2813 888 2856 circa
898 2794 998 2855 lndurn
1008 2812 1119 2855 amnem
1128 2816 1155 2860 aa

132 2879 266 2954 inveniri,
283 2895 356 2955 quae
373 2878 410 2937 ob
426 2877 455 2937 id
471 2880 585 2937 nomine
603 2878 661 2937 alio
675 2879 856 2956 potamaugis
872 2878 1052 2958 appellatur,
1067 2878 1121 2939 bac

132 2968 202 3038 pota
226 2959 365 3038 lymphari
389 2960 520 3020 homines
543 2960 766 3021 obversantibus
786 2962 939 3022 miraculis.
968 2960 1120 3039 Theange-

132 3042 189 3102 lida
212 3044 240 3101 in
262 3041 370 3103 Libano
388 3042 507 3120 Syriae,
523 3043 608 3103 Dicte
624 3041 729 3104 Cretae
745 3046 891 3106 montibus
917 3053 947 3105 et
968 3044 1120 3121 Babylone

132 3133 163 3187 et
180 3125 261 3186 Susis
277 3125 405 3186 Persidis
417 3128 512 3204 nasci,
529 3145 584 3205 qua
598 3136 667 3207 pota
682 3127 759 3206 blagi
774 3129 918 3207 divinent,
932 3126 1120 3207 gelotophyl-

131 3209 187 3270 lida
202 3212 231 3269 in
248 3209 359 3269 Bactris
379 3217 409 3270 et
430 3211 506 3270 circa
528 3210 739 3288 Borysthenen.
771 3213 844 3272 haec
865 3212 890 3271 si
914 3212 1029 3271 bibatur
1055 3229 1153 3275 cumas

131 3312 225 3354 murra
243 3302 273 3354 et
295 3294 381 3371 vinc,
408 3296 501 3354 varias
529 3294 679 3356 obversari
702 3298 817 3375 species
842 3294 1012 3372 ridendique
1032 3295 1119 3355 linem

131 3396 190 3439 non
204 3379 267 3439 lieri
282 3378 337 3438 nisi
352 3378 430 3456 potis
447 3377 557 3437 nucleis
574 3381 678 3457 pineae
694 3380 774 3439 nucis
791 3397 854 3439 cum
869 3380 972 3458 pipere
988 3387 1018 3438 et
1030 3378 1118 3440 melle

88 3472 139 3526 165
151 3462 180 3521 in
204 3464 271 3523 vino
292 3460 414 3540 palmeo.
442 3459 636 3522 llestiaterida
655 3481 672 3522 a
690 3464 823 3523 convictu
843 3463 982 3523 naminari
1005 3463 1036 3522 in
1049 3462 1118 3523 Per·
