2400 3840
317 213 397 261 uun.
416 211 631 261 mommo.
649 208 716 263 61.
735 197 878 275 (al-at.)
1037 199 1098 261 297

108 369 201 448 pionis
216 367 326 442 marini,
345 383 475 425 ranarum
487 380 602 442 qnoque
618 363 710 437 trium,
727 363 751 420 si
766 363 850 421 61666
865 363 894 420 16
909 361 968 422 6116
981 379 1099 424 concre-

106 460 227 525 mentur,
250 449 320 508 cinis
336 466 399 508 curn
413 446 516 523 666116,
541 447 643 505 melius
660 463 722 504 cum
739 447 804 522 pice
818 445 935 522 liquida.
966 445 1100 525 capillum

107 535 257 609 denigrant
272 533 463 609 sanguisugae
480 548 553 608 quae
574 531 601 587 16
622 529 690 588 6166
706 529 790 604 nigro
809 526 912 587 diebus
927 527 977 589 tx
992 546 1100 609 conpu-

105 625 195 675 tuore.
223 615 269 673 alii
283 614 312 672 in
327 614 407 673 aceti
417 614 550 672 sextariis
566 612 678 672 duobus
693 611 928 686 sanguisugarum
942 613 1096 672 sextarium
1107 623 1141 678 68

79 718 91 757 s
105 701 133 757 in
150 714 220 757 6666
232 696 368 775 plumbeo
384 705 553 774 putrescere
566 695 665 755 iubent
679 693 798 755 totidem
812 692 925 769 diebus,
940 712 1008 754 mox
1020 695 1099 755 inlini

104 780 223 840 166616.
253 780 401 840 Scrnatius
419 779 595 839 1661666166
611 779 684 838 hanc
703 777 789 838 tradit
806 786 845 852 61,
861 777 914 836 6161
934 778 1030 836 oleum
1047 795 1099 837 ore

105 866 269 925 contineant
284 882 358 941 quae
374 863 519 940 tinguent,
535 861 628 920 dentis
645 878 761 938 quoque
780 876 876 919 earum
894 859 1040 937 denigrari
1059 861 1098 920 di·

104 957 159 1007 cat.
184 948 287 1024 capitis
307 945 453 1007 ulceribus
473 945 610 1004 muricum
627 943 675 1001 661
701 960 889 1021 purpurarum
912 951 1006 1002 testae
1027 944 1099 1002 61616

105 1048 167 1090 cum
183 1029 271 1089 melle
287 1031 394 1091 utiliter
408 1027 542 1102 inlinitur,
555 1025 782 1101 conchyliorum,
798 1025 845 1084 661
861 1027 956 1086 sinon
971 1034 1098 1101 6666166,

71 1132 94 1173 ro
104 1112 195 1173 farina
206 1131 243 1172 ex
251 1130 334 1189 aqua,
345 1109 493 1170 doloribus
503 1117 664 1168 castoreum
674 1126 736 1167 cum
745 1107 915 1185 peucedano
927 1118 955 1169 61
963 1124 1098 1168 rosaceo.

167 1194 250 1272 (24.)
275 1193 403 1252 Omnium
418 1193 537 1270 piscium
555 1190 730 1250 fluviatilium
746 1192 976 1269 marinorumque
994 1191 1095 1269 adipes
1107 1201 1141 1256 69

104 1275 251 1355 liquefacti
277 1276 341 1335 sole
368 1275 493 1333 admixto
517 1273 605 1333 melle
627 1273 776 1332 oculorum
794 1272 916 1332 claritati
940 1274 1100 1351 plurumum

105 1358 272 1434 conferunt,
293 1359 360 1417 item
383 1366 545 1416 castoreum
566 1374 629 1416 cum
646 1354 743 1415 melle.
773 1353 945 1430 callionymi
962 1354 1002 1414 iel
1022 1359 1098 1415 cica-

104 1443 192 1501 trices
207 1449 288 1499 sanat
305 1449 334 1500 et
351 1440 445 1500 caruis
466 1439 615 1499 oculorum
637 1455 834 1516 supervacuas
851 1438 1001 1497 consumit.
1028 1438 1100 1498 nulli

71 1524 161 1588 161106
182 1523 300 1600 piscium
325 1523 489 1600 copiosius,
510 1531 540 1581 ut
563 1522 735 1582 existimarit
754 1520 912 1580 Menander
932 1538 1049 1599 quoque
1071 1523 1099 1580 16

104 1607 271 1666 comoediis.
293 1606 366 1665 idem
377 1606 466 1682 piscis
478 1613 507 1663 et
518 1621 718 1683 uranoscopos
730 1613 852 1663 vocatur
864 1604 900 1663 ab
914 1603 1001 1662 oculo
1014 1621 1099 1681 quem

102 1691 238 1765 incapite
252 1686 348 1747 habet.
371 1688 407 1748 Et
423 1688 550 1747 coracini
566 1687 606 1747 lel
619 1689 726 1747 excitat
741 1688 842 1763 616666,
858 1696 887 1746 61
899 1686 999 1747 marini
1014 1704 1094 1747 scon·
1107 1697 1142 1752 70

103 1773 197 1849 pionis
213 1771 264 1830 ruli
279 1788 343 1832 cum
359 1771 426 1831 oleo
439 1779 541 1832 vetere
552 1779 600 1831 aut
613 1771 700 1831 melle
712 1770 810 1831 Attico
824 1771 986 1850 incipientis
1001 1769 1098 1830 subiu-

103 1855 199 1914 sionee
216 1854 339 1913 discutit.
358 1855 474 1932 inungui
488 1864 533 1915 ter
545 1864 660 1934 oportet
676 1855 845 1914 intermissis
860 1853 971 1914 diebus.
995 1853 1096 1914 eadem

68 1959 94 1999 66
104 1939 177 1996 66116
193 1936 345 2013 albugines
360 1938 509 1998 oculorum
527 1938 611 1996 tollit.
638 1936 790 1997 Mullorum
808 1936 873 1996 cibo
889 1937 982 1995 aciem
998 1936 1096 1995 oculo·

102 2039 162 2079 rum
177 2019 308 2079 hebetari
323 2022 445 2080 tradunt.
473 2021 557 2099 lepus
576 2021 699 2080 marinus
715 2020 779 2095 ipse
803 2017 917 2095 quidem
939 2026 1098 2076 venenatus

103 2111 162 2177 est,
179 2102 231 2161 sed
247 2103 317 2161 cinis
332 2105 394 2162 eius
409 2105 438 2161 in
455 2103 601 2182 palpebris
617 2103 694 2181 pilos
714 2101 819 2161 inutilis
834 2101 954 2161 evolsos
969 2099 1096 2159 cohibet.

103 2185 136 2245 ad
152 2184 228 2244 hunc
241 2204 323 2245 usum
334 2186 474 2246 utilissimi
485 2187 609 2259 minumi‚
622 2187 689 2245 item
701 2183 864 2262 pectunculi
880 2184 949 2244 salsi
965 2184 1098 2242 triticum

103 2267 212 2344 cedria,
230 2287 316 2329 ranae
335 2286 405 2345 quas
424 2269 558 2347 diopetcs
578 2277 606 2328 et
621 2269 766 2328 calamitas
786 2276 901 2344 666661,
918 2283 1017 2326 eanum
1033 2282 1097 2324 san·

69 2367 94 2406 as
104 2353 169 2428 guis
184 2370 247 2410 cum
262 2351 379 2411 lacrima
393 2353 459 2411 61116
471 2351 573 2411 666166
590 2352 649 2429 6116
665 2350 812 2430 palpebris
826 2351 969 2411 inlinatur.
1003 2358 1093 2408 turoc-
1104 2356 1137 2411 71

103 2452 163 2492 rem
180 2433 328 2493 oculorum
343 2435 536 2511 ruboremque
551 2436 670 2510 6666166
685 2443 787 2493 cortex
803 2452 865 2493 cum
878 2435 954 2493 lacte
969 2433 1097 2491 mulieris

103 2516 199 2574 inlitus
211 2517 293 2574 sedat
306 2524 335 2574 et
348 2533 441 2592 66666
453 2514 604 2575 scabritias
619 2515 760 2575 emendat.
783 2517 925 2575 invertunt
936 2516 964 2576 id
976 2522 1096 2591 agentes

103 2614 194 2674 genas
221 2605 250 2655 et
274 2596 509 2657 medicamentum
531 2598 662 2677 66166661
684 2607 751 2677 6661
778 2599 891 2677 paulum
912 2613 1095 2673 rosaceoque

103 2681 241 2754 inungunt
256 2687 373 2756 616666
389 2681 513 2757 16666116
535 2681 672 2756 mitigant.
700 2680 803 2741 ecdem
823 2681 931 2739 cortice
953 2688 982 2739 et
998 2689 1094 2753 nycta-

69 2761 191 2838 cclopes
208 2770 357 2837 curantur,
379 2764 407 2820 16
429 2762 546 2822 farinam
565 2765 633 2823 trito
652 2772 681 2823 et
701 2782 738 2822 ex
752 2772 837 2821 66616
853 2761 944 2820 inlito.
973 2759 1096 2820 extrahit

104 2852 133 2903 et
148 2861 280 2922 squamas
298 2845 359 2904 eius
375 2846 455 2905 cinis.
485 2846 635 2906 cicatrices
654 2845 802 2906 oculorum
820 2862 881 2904 cum
898 2843 985 2903 melle
1001 2849 1091 2918 sanat,
1103 2851 1138 2906 ta

104 2929 237 3006 pterygia
256 2944 319 2987 cum
341 2928 402 2988 6616
420 2936 449 2989 61
469 2927 578 2990 cadmia
599 2928 720 3005 singulis
737 2926 895 3004 drachmis,
917 2925 1048 2986 emendat
1067 2933 1097 2984 et

104 3010 255 3087 albugines
270 3011 466 3072 iumentorum.
488 3015 564 3073 aiunt
579 3020 608 3071 et
624 3010 749 3070 ossiculo
768 3012 829 3070 eius
844 3028 946 3087 genas,
963 3011 986 3068 si
1001 3016 1094 3066 teran-

104 3102 159 3168 tur,
171 3096 275 3154 sanari.
297 3094 399 3155 Echini
411 3115 448 3156 ex
460 3104 543 3155 aceto
557 3093 735 3173 epinyctidas
747 3093 858 3153 tollunt.
882 3092 1002 3151 eundem
1019 3107 1095 3150 ccm-

69 3194 95 3235 66
105 3175 167 3234 buri
184 3194 248 3236 cum
262 3178 399 3256 viperinis
412 3178 537 3257 pellibus
551 3179 685 3256 ranisque
702 3178 871 3235 etcinerem
889 3173 1025 3252 adspergi
1044 3189 1094 3251 po·

104 3259 174 3318 11661
190 3259 383 3337 161661116ςί,
400 3260 555 3321 claritatem
569 3261 648 3319 visus
664 3261 873 3336 promittentes.
894 3255 1092 3331 lcbthyccolla
1104 3264 1139 3320 73

105 3341 268 3418 6666116166
284 3343 383 3420 616616,
397 3343 442 3402 661
453 3341 625 3418 glutinosum
640 3351 684 3407 est
698 3342 816 3417 corium,
829 3341 903 3400 idem
916 3357 1020 3399 nomen
1034 3339 1095 3416 glu-

104 3424 164 3482 tino
185 3425 264 3499 eius,
289 3424 346 3493 boc
365 3424 543 3502 epinyctidas
563 3425 648 3484 tollit.
671 3423 783 3502 quidam
807 3442 844 3483 ex
864 3432 981 3495 666166,
1001 3440 1058 3481 666
1079 3437 1096 3478 6
