2400 3840
290 201 371 250 nnn.
387 199 479 247 nrsn.
494 199 578 246 xxx.
595 196 621 250 o.
635 196 662 251 1.
679 188 832 266 (lo-ao.)
1000 187 1061 250 243

126 357 155 416 7.
180 355 265 435 (19.)
286 353 487 428 Dysintericos
502 362 637 414 recreant
657 353 761 414 femina
779 354 921 431 pecudum
936 353 1059 414 decocta
1070 365 1103 419 55

63 458 127 501 cum
140 439 188 498 lini
204 438 314 498 semina
326 454 400 515 aqna
416 446 494 514 pota,
511 454 614 496 caseus
626 436 733 496 ovillus
744 445 837 512 vetus,
851 437 952 497 sebum
966 438 1062 497 ovium

62 525 215 584 decoctum
232 523 261 580 in
278 523 346 580 vino
363 529 489 580 austero.
520 519 577 579 hoc
600 529 629 580 et
648 520 707 580 ileo
721 518 851 580 medetur
872 531 901 580 et
924 522 995 580 tussi
1010 539 1060 579 ve·

61 608 126 683 teri,
143 605 327 680 dysintericis
343 603 428 663 stelio
441 605 644 665 transmarinus
658 604 761 664 ablatis
771 605 912 664 intestinis
924 613 954 664 et
965 605 1060 682 capite

37 689 243 770 spedibusque
258 706 293 747 ac
310 695 387 763 cute,
404 687 543 748 decoctus
557 697 691 766 aequest
704 689 921 767 cibosumptns‚
938 688 1061 748 cocleae

60 776 134 836 duae
151 790 214 831 cum
230 789 299 847 ovo,
315 780 436 848 utraque
453 790 517 831 cum
533 773 677 848 putamine
694 774 816 833 contrita
837 782 924 850 atque
946 773 974 830 in
990 789 1061 831 vase

60 873 138 918 novo
155 854 252 915 addito
267 855 328 916 sale
353 864 381 914 et
396 856 476 933 passi
492 854 602 929 cyathis
619 854 731 916 duobus
752 866 799 916 aut
814 857 971 934 palmarum
988 871 1058 914 suco

61 951 90 1001 et
112 956 204 1018 aquae
221 938 331 1012 cyathis
348 938 439 1000 tribus
455 937 680 998 subfervefactis
695 948 725 999 et
742 941 771 999 13
789 950 858 1019 potu
873 939 956 1001 datis.
989 954 1056 1018 pro·
1068 947 1102 1002 56

62 1031 127 1084 3331
143 1032 173 1082 31
190 1022 377 1097 combustae,
402 1030 433 1080 ut
448 1023 520 1082 cinis
536 1039 632 1081 earum
648 1021 761 1083 bibatur
774 1026 803 1082 in
817 1027 883 1085 vino
901 1023 997 1085 addito
1013 1040 1059 1082 re·
1132 1038 1136 1051 “

25 1124 51 1165 ro
61 1109 141 1167 sinae
153 1115 308 1166 momento.
330 1105 453 1165 cocleae
465 1103 613 1180 nudae,de
627 1104 1055 1184 33113311133333,1311313333,
1068 1123 1102 1158 1¹2

60 1207 192 1250 maxume
207 1190 402 1263 inveniuntur,
425 1188 594 1247 utilissimae
609 1188 808 1265 dysintericis,
824 1193 928 1269 quinae
944 1190 1060 1250 combu-

61 1281 124 1331 stae
141 1289 204 1331 cum
220 1271 318 1330 denari
333 1270 440 1330 dimidii
457 1271 587 1348 pondere
601 1273 734 1349 acaciae,
758 1291 797 1332 ex
819 1291 855 1332 eo
876 1274 974 1333 cinere
991 1273 1059 1332 dan·

61 1365 106 1415 tur
122 1353 268 1414 coclearia
288 1352 354 1414 bina
376 1355 405 1413 in
421 1355 488 1414 vion
502 1356 616 1428 myrtite
636 1362 685 1414 out
699 1354 831 1432 quolibet
852 1365 969 1417 austero
996 1375 1060 1414 cum

61 1439 124 1518 pari
147 1437 233 1497 modo
256 1436 368 1498 caldae.
401 1437 515 1514 quidam
539 1437 670 1497 omnibus
691 1437 838 1498 Africanis
863 1441 902 1499 ita
928 1447 1055 1513 utuntur,
1068 1447 1100 1502 51

24 1540 51 1581 1s
61 1522 109 1582 3111
128 1520 245 1581 totidem
259 1520 412 1580 Africanas
431 1529 460 1580 et
480 1521 552 1581 latas
570 1521 719 1581 infundunt
740 1523 837 1600 potius
854 1532 902 1596 et,
927 1523 952 1581 si
969 1523 1061 1581 maior

60 1607 158 1666 lluctio
173 1606 224 1681 sit,
247 1603 353 1665 addunt
376 1605 503 1666 acaciam
517 1604 602 1665 labae
618 1606 822 1683 magnitudine.
851 1607 994 1666 Senectus
1011 1623 1059 1665 an·

60 1694 156 1767 guium
185 1688 360 1762 dysinteriae
387 1697 416 1748 et
436 1691 574 1748 tenesmis
594 1690 622 1748 in
646 1698 768 1773 stagneo
792 1707 863 1751 vase
889 1689 1061 1767 decoquitur

61 1791 124 1832 cum
143 1789 276 1847 rosaseo,
288 1771 336 1830 vel
355 1772 505 1850 31133113,
522 1791 585 1833 cum
600 1782 704 1851 stagno
719 1774 853 1834 inlinitur.
882 1776 926 1833 ius
944 1791 982 1833 ex
999 1773 1059 1850 gal-

59 1858 180 1916 linaceis
195 1855 271 1916 idem
285 1855 424 1932 medetur,
436 1856 488 1916 sed
499 1858 608 1917 veteris
621 1857 777 1933 gallinacei
790 1858 988 1918 vehementius
1003 1856 1059 1916 sal·

22 1960 50 2002 33
62 1958 123 1999 sum
143 1940 186 1998 ius
210 1939 305 1999 alvom
327 1941 393 1999 ciet.
421 1939 587 2001 Membrana
606 1940 778 2016 gallinarum
798 1951 874 2001 tosta
895 1949 924 2000 et
945 1940 1010 2000 data
1030 1941 1102 2002 1358

61 2024 128 2083 3133
152 2040 186 2082 33
201 2023 263 2082 3313
281 2023 479 2083 coeliacorum
497 2023 615 2083 dolores
631 2023 754 2101 mulcet,
775 2058 819 2070 -
842 2023 990 2083 abstinere
1011 2040 1058 2081 au·

60 2116 118 2166 tem
134 2104 267 2181 frugibus
285 2113 350 2165 aute
365 2114 396 2165 et
407 2106 543 2183 gallinam
555 2115 584 2167 et
596 2106 740 2167 hominem
754 2117 900 2187 oporteat,
913 2141 955 2153 -
966 2106 1059 2165 limum

60 2189 250 2250 columbinum
265 2197 370 2248 tostum
385 2197 550 2267 potumque.
579 2189 654 2250 Caro
673 2192 813 2271 palumbis
826 2193 855 2252 in
869 2201 953 2252 33313
970 2191 1058 2250 deco·
1147 2195 1150 2201 '

63 2283 108 2332 cta
126 2272 307 2347 dysintericis
323 2281 353 2332 et
378 2273 517 2333 coeliacis
537 2273 682 2353 medetur,
707 2275 806 2336 turdus
830 2279 972 2337 inassatus
995 2291 1059 2334 cum

22 2376 49 2418 aa
61 2357 145 2431 myrti
159 2355 239 2415 bacis
255 2356 448 2433 dysintericis,
463 2358 530 2416 item
545 2359 688 2434 merulae,
711 2361 769 2420 mel
788 2361 816 2420 in
838 2378 895 2438 qno
914 2376 987 2438 apes
1003 2358 1059 2417 sint

60 2449 189 2499 mortuae
207 2439 368 2500 decoctum.

122 2523 205 2601 (20.)
230 2521 432 2584 Gravissimum
447 2525 544 2584 vitium
566 2524 623 2584 alvi
637 2525 712 2584 11333
727 2524 899 2603 appellatur.
931 2526 998 2585 lruic
1012 2544 1056 2584 re·
1066 2535 1100 2590 59

61 2608 124 2667 31311
138 2607 216 2666 aiunt
234 2605 372 2686 discerpti
389 2608 606 2686 vespertilionis
624 2609 775 2685 sanguine,
792 2610 875 2668 etiam
893 2609 972 2668 inlito
989 2625 1057 2666 ven·
1125 2629 1130 2645 ¹

59 2701 105 2752 tre
126 2690 280 2751 subveniri.
315 2692 390 2751 sistit
410 2692 506 2751 alvom
528 2692 645 2771 primum
667 2692 768 2753 coclea
790 2695 864 2753 sicut
881 2691 1002 2752 diximus
1025 2690 1089 2748 inu

22 2775 229 2853 cnsuspiriosis
244 2783 414 2852 temperata,
431 2776 498 2836 item
514 2777 585 2835 cinis
601 2794 698 2837 earum
716 2795 789 2856 quae
806 2776 889 2834 vivae
912 2781 1057 2834 crematae

57 2859 116 2919 sint
133 2867 216 2937 potus
234 2875 272 2917 ex
295 2859 363 2917 vino
387 2867 520 2938 austero,
544 2859 771 2936 gallinaceorum
792 2859 873 2918 iecur
897 2866 1057 2919 assumant

59 2942 209 3002 ventriculi
224 2940 389 3003 membrana
409 2961 483 3021 qnae
504 2942 578 3005 abici
594 2945 671 3004 solet
686 2946 845 3003 inveterata
861 2940 986 3003 admixto
1004 2959 1054 3020 pa·

57 3027 176 3104 paveris
190 3043 271 3100 suco,
290 3060 334 3072 -
348 3025 396 3086 alii
411 3037 560 3088 recentem
573 3036 684 3088 torrent
703 3046 741 3088 ex
751 3029 820 3087 vinc
835 3026 999 3101 bibendam,
1013 3058 1057 3072 —

57 3112 102 3168 ius
118 3107 267 3186 perdicum
286 3118 316 3168 st
336 3127 391 3187 per
411 3126 444 3168 se
458 3111 635 3171 ventriculus
660 3113 798 3172 contritus
821 3129 859 3170 ex
876 3112 943 3170 vino
959 3110 1099 3185 nigredo

21 3194 128 3256 mitem
144 3189 287 3270 palumbis
303 3191 381 3251 ierus
399 3210 438 3251 ex
454 3211 546 3270 posca
565 3193 720 3270 decoctus,
742 3195 800 3254 lien
821 3192 940 3272 pecudis
961 3202 1056 3252 tostus

59 3285 89 3336 et
105 3277 132 3334 in
149 3276 215 3335 vino
231 3276 324 3348 tritus,
343 3274 436 3334 limum
452 3276 643 3336 columbinum
660 3296 723 3338 cum
738 3277 824 3337 melle
840 3278 966 3351 inlitum,
983 3279 1055 3336 ossi·

58 3359 136 3436 iragi
156 3368 258 3418 venter
281 3356 424 3418 arefactus
447 3369 476 3418 et
499 3368 584 3438 potus
604 3361 639 3418 iis
655 3363 703 3439 qui
725 3360 806 3421 cibos
824 3378 880 3420 non
902 3361 1057 3421 conficiant

58 3442 236 3519 utilissimus,
250 3441 299 3500 vel
313 3441 337 3500 si
352 3449 458 3502 tantum
473 3459 555 3503 mann
569 3450 685 3504 teneant
697 3446 845 3523 capientes
858 3443 969 3574 ί(3κί13333.
995 3446 1061 3518 api·

838 3530 853 3574 1
