2400 3840
138 185 199 247 276
485 196 792 245 ernnusscunnr

138 352 174 411 de
190 351 300 428 stagnis
316 352 488 412 Tarentinus
508 369 544 412 ac
568 349 711 426 Phrygius
726 351 774 428 qui
793 350 929 412 Tattaeus
944 359 1073 411 vocatur.
1106 351 1137 412 hi

138 435 193 495 duo
209 435 302 494 oculis
316 435 411 495 utiles.
445 454 462 494 e
477 432 664 513 Cappadocia
679 436 767 511 quiin
781 433 930 495 laterculis
945 434 1075 494 adfertur
1087 453 1136 494 crr-

136 520 172 578 tis
188 520 309 577 nitorem
326 518 429 578 dicitur
443 519 553 578 iacere.
581 518 673 593 magis
690 525 785 576 tamen
802 518 930 578 extendit
945 519 970 575 is
986 535 1071 595 quem
1088 516 1135 577 Gi-

103 619 126 653 u
138 603 206 660 tium
221 601 446 680 appellavimus,
468 603 564 678 itaque
577 619 593 660 a
607 609 689 677 partu
703 609 834 660 ventrem
850 618 886 662 eo
903 619 965 661 cum
976 600 1133 660 melanthio

94 695 127 750 85
139 684 266 747 inlinunt.
296 685 477 745 Salsissimus
488 685 531 743 sal
544 685 591 762 qui
603 683 796 759 siccissimus,
813 685 998 744 suavissimus
1011 685 1158 746 omniums

136 767 306 827 Tarentinus
329 776 416 846 atque
440 765 674 842 candidissimus,
698 776 728 826 et
750 775 850 827 cetero
872 767 986 844 fragilis
1007 768 1055 844 qui
1077 784 1135 826 mu-

135 869 219 910 xume
236 850 382 910 candidus.
408 850 505 929 pluvia
524 849 666 909 dulcescit
681 852 788 925 omnis,
805 852 968 911 suaviorem
978 857 1074 909 tamen
1088 867 1135 909 ro·

134 952 183 993 res
200 934 324 1010 iaciunt,
343 935 395 993 sed
411 935 560 1012 copiosum
575 932 720 1010 aquilonis
737 934 829 994 datus.
860 941 958 994 austro
970 949 1028 991 non
1041 934 1133 993 nasci·

134 1024 188 1075 tur.
224 1016 279 1076 llos
295 1016 364 1075 salis
379 1034 437 1076 non
456 1017 487 1076 fit
503 1017 557 1075 nisi
575 1015 765 1094 aquilonibus.
796 1019 832 1076 In
849 1017 917 1094 igne
931 1033 988 1075 nec
1010 1017 1135 1095 crepitat

135 1116 190 1157 nec
205 1098 301 1158 exsilit
312 1098 493 1177 'l'ragasaaus
507 1117 603 1177 neque
615 1098 773 1160 Acanthius
784 1099 820 1161 ah
836 1100 945 1178 oppido
958 1098 1133 1177 appellatus,
1145 1119 1169 1160 ro

137 1199 192 1241 nec
207 1181 282 1241 ullus
302 1200 400 1261 spuma
418 1193 466 1244 aut
487 1192 615 1243 ramento
639 1192 686 1243 aut
701 1184 804 1242 tenuis.
834 1183 1043 1260 Agrigentinus
1062 1184 1134 1259 igni-

135 1284 180 1323 um
204 1267 317 1343 patiens
342 1284 380 1326 ex
405 1286 478 1347 aqua
499 1267 606 1326 exsilit.
642 1266 713 1326 Sunt
734 1275 763 1326 et
790 1266 921 1327 colorum
943 1265 1134 1326 differentiae.

92 1357 126 1412 86
137 1348 221 1408 rubet
233 1348 376 1427 Memphi,
391 1351 470 1411 ruins
484 1359 529 1409 est
542 1350 619 1409 circu
631 1348 740 1425 Oxum,
754 1347 947 1428 Centumripis
960 1367 1135 1428 purpureus,

136 1433 213 1492 circa
225 1429 324 1493 Gelam
340 1434 368 1493 in
385 1434 486 1494 eadem
497 1433 597 1493 Sicilia
612 1433 681 1492 tanti
695 1433 862 1509 splendoris
876 1442 907 1492 ut
917 1433 1071 1509 imaginem
1089 1451 1134 1492 re-

134 1517 231 1595 cipiat.
263 1519 292 1575 in
306 1515 491 1596 Cappadocia
505 1517 638 1575 crocinus
650 1515 799 1592 effoditur,
815 1514 971 1577 tralucidus
986 1524 1015 1575 et
1026 1515 1131 1576 odora·
1144 1531 1166 1572 rs

133 1600 270 1659 tissimus.
299 1600 346 1659 nd
357 1601 516 1660 medicinae
529 1619 598 1659 usus
613 1601 719 1677 antiqui
729 1600 912 1661 Tarentinum
927 1616 1057 1659 maxume
1073 1598 1132 1659 lau-

134 1680 254 1758 dabant,
270 1681 306 1743 ab
324 1682 381 1742 hoc
402 1700 609 1761 quemcumque
626 1700 642 1742 e
660 1684 794 1759 marinis,
819 1701 857 1742 ax
878 1700 914 1743 eo
931 1700 1042 1760 genere
1065 1700 1133 1762 spu·

134 1782 227 1824 meum
239 1767 407 1844 praecipue,
419 1767 607 1825 iumentorum
618 1782 689 1824 vero
702 1775 731 1825 et
741 1764 827 1826 boum
835 1766 929 1826 oculis
937 1766 1134 1843 Tragasaeum

90 1858 124 1914 87
137 1855 166 1908 et
176 1846 332 1916 Baeticam.
363 1847 409 1908 hd
424 1849 577 1925 opsonium
593 1856 622 1907 et
637 1847 730 1908 cibum
745 1850 842 1909 utilior
856 1850 985 1928 quisquis
997 1850 1086 1910 facile
1100 1850 1133 1910 li·

134 1932 265 2009 quescit,
280 1933 348 1992 item
363 1931 501 2008 umidior,
523 1932 662 1991 minorem
684 1933 757 1992 enim
778 1932 992 1993 amaritudinem
1016 1933 1167 2008 hahentes

132 2024 162 2075 ut
176 2014 291 2076 Atticus
306 2026 334 2076 et
349 2014 506 2076 Euboicus.
535 2015 685 2075 servandis
701 2015 834 2076 carnibus
846 2018 942 2094 aptior
952 2032 1022 2075 acer
1033 2025 1063 2075 ct
1078 2017 1133 2074 sic-

133 2116 200 2173 cus,
222 2107 251 2158 ut
268 2098 441 2176 Megaricus.
476 2099 607 2159 conditur
629 2100 714 2157 etiam
731 2099 869 2159 odoribus
892 2097 994 2158 additis
1019 2108 1049 2158 et
1071 2097 1132 2176 pul·

132 2182 252 2241 mentari
266 2183 359 2241 vicem
372 2182 463 2258 inplet
479 2183 643 2242 aviditatem
658 2183 780 2241 invitans
797 2183 987 2259 exultansque
1002 2180 1031 2239 in
1043 2181 1133 2240 omni·

131 2263 185 2322 hus
198 2262 287 2339 cibis,
302 2266 341 2324 ita
353 2273 382 2323 ut
398 2265 436 2323 sit
449 2265 606 2340 peculiaris
618 2283 656 2323 ex
671 2282 707 2324 eo
722 2265 887 2325 intellectus
902 2266 976 2324 inter
987 2265 1133 2324 innumera

89 2357 124 2412 88
135 2346 314 2406 condimenta
329 2347 442 2408 interim
456 2349 483 2405 in
495 2347 671 2424 mandendo,
687 2349 834 2427 quaesitus
849 2365 932 2425 garo.
959 2348 1026 2426 quin
1038 2356 1067 2407 et
1082 2367 1120 2426 pe
1141 2355 1167 2397 2⁵

132 2428 221 2489 cudes
238 2439 422 2510 armentaque
446 2439 475 2489 et
496 2431 618 2490 iumenta
646 2430 708 2491 sale
729 2448 861 2493 maxume
884 2430 1077 2492 sollicitantur
1097 2429 1133 2490 ad

131 2521 232 2591 pastus
247 2514 363 2574 multum
379 2515 507 2591 largiore
529 2515 605 2574 lacte
623 2513 770 2593 multoque
787 2516 917 2590 gratiore
934 2515 1019 2573 etiam
1041 2515 1070 2572 in
1087 2531 1132 2573 ca·

131 2613 183 2656 seo
200 2595 278 2657 dote.
309 2615 403 2674 argo,
424 2597 582 2673 Hercules,
605 2599 662 2657 vita
678 2596 827 2657 humanior
842 2598 905 2656 sine
920 2596 982 2656 sale
998 2614 1057 2656 non
1073 2598 1133 2674 quit

131 2680 257 2757 degere,
293 2681 425 2760 adeoque
447 2682 643 2740 necessarium
670 2680 843 2740 elementum
869 2687 965 2739 estut
987 2680 1134 2739 transierit

130 2762 297 2823 intellectus
313 2764 348 2823 ad
364 2764 529 2841 voluptates
555 2765 639 2823 animi
664 2780 789 2842 quoque.
820 2763 949 2822 nimirum
970 2780 985 2822 a
1001 2761 1063 2822 sale
1082 2771 1167 2841 apat

130 2845 289 2923 pellantur,
308 2848 459 2926 omnisque
478 2849 553 2907 vitae
568 2847 654 2925 lepos
670 2854 700 2906 et
713 2864 820 2906 summa
841 2846 969 2907 hilaritas
987 2844 1132 2905 laborum·

87 2939 121 2994 89
134 2946 189 3007 que
212 2930 330 3006 requies
351 2946 408 2989 non
432 2930 489 2991 alio
513 2932 605 3007 magis
627 2927 772 2989 vocabulo
804 2938 925 2990 constat.
970 2928 1133 2990 honoribus

130 3015 215 3072 etium
233 3012 410 3092 militiaeque
422 3014 614 3093 interponitur
633 3012 745 3072 salariis
761 3013 827 3074 inde
844 3013 927 3073 dictis
942 3030 1045 3090 magna
1056 3009 1133 3090 apud

129 3097 262 3175 antiquos
276 3098 465 3174 auctoritate,
488 3098 562 3157 sicut
576 3096 697 3175 adparet
712 3115 749 3156 ex
770 3097 884 3177 nomine
905 3097 1035 3157 Salariae
1054 3099 1131 3172 viae,

129 3181 260 3259 quoniam
281 3181 331 3241 illa
353 3180 444 3240 sulem
464 3182 491 3238 in
515 3177 638 3238 Sabinos
664 3180 775 3257 portari
801 3189 987 3240 convenerat.
1029 3178 1169 3258 Accusas

128 3261 254 3323 lilaroius
268 3281 323 3322 rex
338 3264 410 3323 salis
424 3262 539 3322 modios
557 3267 588 3322 m
602 3262 631 3321 in
647 3263 797 3338 congiario
816 3262 895 3323 dedit
909 3262 1026 3342 populis
1041 3272 1071 3323 et
1086 3280 1131 3324 sa-

128 3345 202 3405 linas
218 3347 326 3425 primus
343 3346 471 3406 instituit.
504 3346 598 3406 Varro
615 3346 698 3404 etiam
715 3346 886 3424 pulmentari
902 3347 967 3431 vice
993 3363 1063 3406 usos
1078 3365 1130 3406 ve-

127 3435 206 3488 teres
231 3438 332 3489 auctor
352 3437 414 3507 est,
435 3437 464 3488 ct
483 3428 573 3489 salem
593 3446 656 3489 curn
670 3446 746 3509 pane
761 3431 885 3493 esitasse
902 3425 956 3490 eos
971 3429 1130 3509 proverbio
