<?xml version="1.0" encoding="UTF-8"?>
<!DOCTYPE html PUBLIC "-//W3C//DTD XHTML 1.0 Transitional//EN"
    "http://www.w3.org/TR/xhtml1/DTD/xhtml1-transitional.dtd">
<html xmlns="http://www.w3.org/1999/xhtml" xml:lang="en" lang="en">
 <head>
  <title>
</title>
<meta http-equiv="Content-Type" content="text/html;charset=utf-8" />
  <meta name='ocr-system' content='tesseract 3.04.00' />
  <meta name='ocr-capabilities' content='ocr_page ocr_carea ocr_par ocr_line ocrx_word'/>
</head>
<body>
  <div class='ocr_page' id='page_1' title='image "./cplinisecundina06plingoog_0335.png"; bbox 0 0 2400 3840; ppageno 0'>
   <div class='ocr_carea' id='block_1_1' title="bbox 122 177 778 239">
    <p class='ocr_par' dir='ltr' id='par_1_1' title="bbox 122 177 778 239">
     <span class='ocr_line' id='line_1_1' title="bbox 122 177 778 239; baseline -0.005 0"><span class='ocrx_word' id='word_1_1' title='bbox 122 177 183 239; x_wconf 83' lang='lat'><strong>260</strong></span> <span class='ocrx_word' id='word_1_2' title='bbox 472 189 502 236; x_wconf 89' lang='lat' dir='ltr'><strong>o.</strong></span> <span class='ocrx_word' id='word_1_3' title='bbox 518 189 778 239; x_wconf 78' lang='lat' dir='ltr'><strong>rcm1ssouuo1</strong></span> 
     </span>
    </p>
   </div>
   <div class='ocr_carea' id='block_1_2' title="bbox 80 343 1172 1594">
    <p class='ocr_par' dir='ltr' id='par_1_2' title="bbox 80 343 1141 1008">
     <span class='ocr_line' id='line_1_2' title="bbox 80 343 1116 424; baseline -0.002 -20"><span class='ocrx_word' id='word_1_4' title='bbox 80 356 191 411; x_wconf 68' lang='lat' dir='ltr'><strong>leucos</strong></span> <span class='ocrx_word' id='word_1_5' title='bbox 208 347 290 424; x_wconf 81' lang='lat' dir='ltr'><strong>sequi</strong></span> <span class='ocrx_word' id='word_1_6' title='bbox 308 361 400 404; x_wconf 91' lang='lat' dir='ltr'><strong>euma</strong></span> <span class='ocrx_word' id='word_1_7' title='bbox 416 361 473 422; x_wconf 86' lang='lat' dir='ltr'><strong>quo</strong></span> <span class='ocrx_word' id='word_1_8' title='bbox 486 343 637 403; x_wconf 84' lang='lat' dir='ltr'><strong>cerebrum</strong></span> <span class='ocrx_word' id='word_1_9' title='bbox 653 343 732 403; x_wconf 83' lang='lat' dir='ltr'><strong>corvi</strong></span> <span class='ocrx_word' id='word_1_10' title='bbox 744 343 913 420; x_wconf 87' lang='lat' dir='ltr'><strong>acceperint</strong></span> <span class='ocrx_word' id='word_1_11' title='bbox 926 343 954 403; x_wconf 94' lang='lat' dir='ltr'><strong>in</strong></span> <span class='ocrx_word' id='word_1_12' title='bbox 969 343 1036 403; x_wconf 80' lang='lat' dir='ltr'><strong>oda.</strong></span> <span class='ocrx_word' id='word_1_13' title='bbox 1053 343 1116 421; x_wconf 94' lang='lat' dir='ltr'><strong>pul·</strong></span> 
     </span>
     <span class='ocr_line' id='line_1_3' title="bbox 121 427 1118 507; baseline -0.002 -19"><span class='ocrx_word' id='word_1_14' title='bbox 121 447 220 488; x_wconf 87' lang='lat' dir='ltr'><strong>verem</strong></span> <span class='ocrx_word' id='word_1_15' title='bbox 236 429 264 487; x_wconf 94' lang='lat' dir='ltr'><strong>in</strong></span> <span class='ocrx_word' id='word_1_16' title='bbox 280 445 337 507; x_wconf 87' lang='lat' dir='ltr'><strong>quo</strong></span> <span class='ocrx_word' id='word_1_17' title='bbox 352 446 385 486; x_wconf 95' lang='lat' dir='ltr'><strong>se</strong></span> <span class='ocrx_word' id='word_1_18' title='bbox 401 428 476 487; x_wconf 89' lang='lat' dir='ltr'><strong>mula</strong></span> <span class='ocrx_word' id='word_1_19' title='bbox 486 427 660 487; x_wconf 74' lang='lat' dir='ltr'><strong>volutaverit</strong></span> <span class='ocrx_word' id='word_1_20' title='bbox 676 427 793 504; x_wconf 83' lang='lat' dir='ltr'><strong>corpori</strong></span> <span class='ocrx_word' id='word_1_21' title='bbox 806 427 969 505; x_wconf 89' lang='lat' dir='ltr'><strong>inspersum</strong></span> <span class='ocrx_word' id='word_1_22' title='bbox 983 427 1118 503; x_wconf 83' lang='lat' dir='ltr'><strong>mitigare</strong></span> 
     </span>
     <span class='ocr_line' id='line_1_4' title="bbox 122 511 1116 587; baseline -0.004 -14"><span class='ocrx_word' id='word_1_23' title='bbox 122 512 242 573; x_wconf 84' lang='lat' dir='ltr'><strong>ardores</strong></span> <span class='ocrx_word' id='word_1_24' title='bbox 256 512 372 571; x_wconf 90' lang='lat' dir='ltr'><strong>amoris.</strong></span> <span class='ocrx_word' id='word_1_25' title='bbox 402 513 514 571; x_wconf 91' lang='lat' dir='ltr'><strong>sorices</strong></span> <span class='ocrx_word' id='word_1_26' title='bbox 529 511 638 587; x_wconf 79' lang='lat' dir='ltr'><strong>iugari,</strong></span> <span class='ocrx_word' id='word_1_27' title='bbox 662 512 686 570; x_wconf 91' lang='lat' dir='ltr'><strong>si</strong></span> <span class='ocrx_word' id='word_1_28' title='bbox 708 528 781 569; x_wconf 91' lang='lat' dir='ltr'><strong>unus</strong></span> <span class='ocrx_word' id='word_1_29' title='bbox 801 520 942 571; x_wconf 88' lang='lat' dir='ltr'><strong>castratus</strong></span> <span class='ocrx_word' id='word_1_30' title='bbox 964 511 1116 570; x_wconf 81' lang='lat' dir='ltr'><strong>emittatur.</strong></span> 
     </span>
     <span class='ocr_line' id='line_1_5' title="bbox 122 593 1116 675; baseline -0.004 -19"><span class='ocrx_word' id='word_1_31' title='bbox 122 597 244 673; x_wconf 77' lang='lat' dir='ltr'><strong>anguina</strong></span> <span class='ocrx_word' id='word_1_32' title='bbox 265 595 344 675; x_wconf 87' lang='lat' dir='ltr'><strong>pelle</strong></span> <span class='ocrx_word' id='word_1_33' title='bbox 366 604 396 654; x_wconf 87' lang='lat' dir='ltr'><strong>et</strong></span> <span class='ocrx_word' id='word_1_34' title='bbox 414 595 491 654; x_wconf 88' lang='lat' dir='ltr'><strong>iarre</strong></span> <span class='ocrx_word' id='word_1_35' title='bbox 512 602 541 652; x_wconf 92' lang='lat' dir='ltr'><strong>et</strong></span> <span class='ocrx_word' id='word_1_36' title='bbox 561 594 624 653; x_wconf 90' lang='lat' dir='ltr'><strong>sale</strong></span> <span class='ocrx_word' id='word_1_37' title='bbox 646 602 676 652; x_wconf 91' lang='lat' dir='ltr'><strong>et</strong></span> <span class='ocrx_word' id='word_1_38' title='bbox 697 593 827 671; x_wconf 76' lang='lat' dir='ltr'><strong>serpyllo</strong></span> <span class='ocrx_word' id='word_1_39' title='bbox 847 596 975 654; x_wconf 77' lang='lat' dir='ltr'><strong>contritis</strong></span> <span class='ocrx_word' id='word_1_40' title='bbox 990 612 1044 653; x_wconf 91' lang='lat' dir='ltr'><strong>una</strong></span> <span class='ocrx_word' id='word_1_41' title='bbox 1066 593 1116 653; x_wconf 91' lang='lat' dir='ltr'><strong>de·</strong></span> 
     </span>
     <span class='ocr_line' id='line_1_6' title="bbox 121 676 1141 758; baseline -0.004 -18"><span class='ocrx_word' id='word_1_42' title='bbox 121 682 264 758; x_wconf 78' lang='lat' dir='ltr'><strong>lectisque</strong></span> <span class='ocrx_word' id='word_1_43' title='bbox 278 696 341 738; x_wconf 87' lang='lat' dir='ltr'><strong>oum</strong></span> <span class='ocrx_word' id='word_1_44' title='bbox 352 676 419 738; x_wconf 86' lang='lat' dir='ltr'><strong>vino</strong></span> <span class='ocrx_word' id='word_1_45' title='bbox 430 679 457 736; x_wconf 94' lang='lat' dir='ltr'><strong>in</strong></span> <span class='ocrx_word' id='word_1_46' title='bbox 469 677 561 736; x_wconf 85' lang='lat' dir='ltr'><strong>laucis</strong></span> <span class='ocrx_word' id='word_1_47' title='bbox 573 676 659 737; x_wconf 91' lang='lat' dir='ltr'><strong>boum</strong></span> <span class='ocrx_word' id='word_1_48' title='bbox 671 696 726 737; x_wconf 83' lang='lat' dir='ltr'><strong>uva</strong></span> <span class='ocrx_word' id='word_1_49' title='bbox 736 686 957 754; x_wconf 88' lang='lat' dir='ltr'><strong>maturescente,</strong></span> <span class='ocrx_word' id='word_1_50' title='bbox 971 686 1033 737; x_wconf 93' lang='lat' dir='ltr'><strong>toto</strong></span> <span class='ocrx_word' id='word_1_51' title='bbox 1041 695 1117 737; x_wconf 90' lang='lat' dir='ltr'><strong>auno</strong></span> <span class='ocrx_word' id='word_1_52' title='bbox 1129 695 1141 735; x_wconf 83' lang='lat' dir='ltr'><strong>s</strong></span> 
     </span>
     <span class='ocr_line' id='line_1_7' title="bbox 121 760 1115 840; baseline -0.003 -18"><span class='ocrx_word' id='word_1_53' title='bbox 121 781 175 822; x_wconf 91' lang='lat' dir='ltr'><strong>eos</strong></span> <span class='ocrx_word' id='word_1_54' title='bbox 191 762 306 838; x_wconf 86' lang='lat' dir='ltr'><strong>valere,</strong></span> <span class='ocrx_word' id='word_1_55' title='bbox 329 762 377 821; x_wconf 90' lang='lat' dir='ltr'><strong>vel</strong></span> <span class='ocrx_word' id='word_1_56' title='bbox 392 763 417 820; x_wconf 91' lang='lat' dir='ltr'><strong>si</strong></span> <span class='ocrx_word' id='word_1_57' title='bbox 432 760 610 820; x_wconf 91' lang='lat' dir='ltr'><strong>birundinum</strong></span> <span class='ocrx_word' id='word_1_58' title='bbox 625 762 696 840; x_wconf 93' lang='lat' dir='ltr'><strong>pulli</strong></span> <span class='ocrx_word' id='word_1_59' title='bbox 720 771 780 820; x_wconf 91' lang='lat' dir='ltr'><strong>tres</strong></span> <span class='ocrx_word' id='word_1_60' title='bbox 804 761 895 820; x_wconf 90' lang='lat' dir='ltr'><strong>tribus</strong></span> <span class='ocrx_word' id='word_1_61' title='bbox 919 761 984 821; x_wconf 85' lang='lat' dir='ltr'><strong>ollis</strong></span> <span class='ocrx_word' id='word_1_62' title='bbox 1003 761 1115 821; x_wconf 92' lang='lat' dir='ltr'><strong>dentur.</strong></span> 
     </span>
     <span class='ocr_line' id='line_1_8' title="bbox 120 845 1117 925; baseline -0.003 -19"><span class='ocrx_word' id='word_1_63' title='bbox 120 847 242 925; x_wconf 86' lang='lat' dir='ltr'><strong>pulvere</strong></span> <span class='ocrx_word' id='word_1_64' title='bbox 262 847 421 920; x_wconf 78' lang='lat' dir='ltr'><strong>evestigio</strong></span> <span class='ocrx_word' id='word_1_65' title='bbox 443 846 574 921; x_wconf 79' lang='lat' dir='ltr'><strong>anguium</strong></span> <span class='ocrx_word' id='word_1_66' title='bbox 599 846 726 905; x_wconf 87' lang='lat' dir='ltr'><strong>collecto</strong></span> <span class='ocrx_word' id='word_1_67' title='bbox 749 862 867 923; x_wconf 88' lang='lat' dir='ltr'><strong>sparsas</strong></span> <span class='ocrx_word' id='word_1_68' title='bbox 885 847 947 922; x_wconf 90' lang='lat' dir='ltr'><strong>apis</strong></span> <span class='ocrx_word' id='word_1_69' title='bbox 970 846 999 903; x_wconf 93' lang='lat' dir='ltr'><strong>in</strong></span> <span class='ocrx_word' id='word_1_70' title='bbox 1021 845 1117 904; x_wconf 88' lang='lat' dir='ltr'><strong>alvom</strong></span> 
     </span>
     <span class='ocr_line' id='line_1_9' title="bbox 121 928 1117 1008; baseline -0.002 -18"><span class='ocrx_word' id='word_1_71' title='bbox 121 931 238 990; x_wconf 85' lang='lat' dir='ltr'><strong>reverti.</strong></span> <span class='ocrx_word' id='word_1_72' title='bbox 276 929 375 988; x_wconf 90' lang='lat' dir='ltr'><strong>arietis</strong></span> <span class='ocrx_word' id='word_1_73' title='bbox 395 928 498 988; x_wconf 88' lang='lat' dir='ltr'><strong>dextro</strong></span> <span class='ocrx_word' id='word_1_74' title='bbox 525 937 600 988; x_wconf 91' lang='lat' dir='ltr'><strong>teste</strong></span> <span class='ocrx_word' id='word_1_75' title='bbox 625 928 788 1008; x_wconf 78' lang='lat' dir='ltr'><strong>praeligato</strong></span> <span class='ocrx_word' id='word_1_76' title='bbox 814 928 877 987; x_wconf 84' lang='lat' dir='ltr'><strong>ovis</strong></span> <span class='ocrx_word' id='word_1_77' title='bbox 897 937 1003 988; x_wconf 90' lang='lat' dir='ltr'><strong>tantum</strong></span> <span class='ocrx_word' id='word_1_78' title='bbox 1023 928 1117 1004; x_wconf 77' lang='lat' dir='ltr'><strong>gigni.</strong></span> 
     </span>
    </p>

    <p class='ocr_par' dir='ltr' id='par_1_3' title="bbox 80 1011 1172 1594">
     <span class='ocr_line' id='line_1_10' title="bbox 80 1011 1117 1090; baseline -0.002 -18"><span class='ocrx_word' id='word_1_79' title='bbox 80 1023 129 1078; x_wconf 83' lang='lat'><strong>149</strong></span> <span class='ocrx_word' id='word_1_80' title='bbox 142 1030 199 1072; x_wconf 92' lang='lat' dir='ltr'><strong>non</strong></span> <span class='ocrx_word' id='word_1_81' title='bbox 212 1011 316 1071; x_wconf 85' lang='lat' dir='ltr'><strong>lassari</strong></span> <span class='ocrx_word' id='word_1_82' title='bbox 327 1013 355 1070; x_wconf 93' lang='lat' dir='ltr'><strong>in</strong></span> <span class='ocrx_word' id='word_1_83' title='bbox 369 1012 429 1071; x_wconf 94' lang='lat' dir='ltr'><strong>ullo</strong></span> <span class='ocrx_word' id='word_1_84' title='bbox 440 1011 542 1072; x_wconf 91' lang='lat' dir='ltr'><strong>labore</strong></span> <span class='ocrx_word' id='word_1_85' title='bbox 557 1013 604 1090; x_wconf 87' lang='lat' dir='ltr'><strong>qui</strong></span> <span class='ocrx_word' id='word_1_86' title='bbox 617 1030 725 1072; x_wconf 85' lang='lat' dir='ltr'><strong>nervos</strong></span> <span class='ocrx_word' id='word_1_87' title='bbox 740 1012 841 1071; x_wconf 86' lang='lat' dir='ltr'><strong>exulis</strong></span> <span class='ocrx_word' id='word_1_88' title='bbox 855 1020 884 1070; x_wconf 91' lang='lat' dir='ltr'><strong>et</strong></span> <span class='ocrx_word' id='word_1_89' title='bbox 896 1012 1026 1070; x_wconf 92' lang='lat' dir='ltr'><strong>cruribus</strong></span> <span class='ocrx_word' id='word_1_90' title='bbox 1036 1012 1117 1088; x_wconf 77' lang='lat' dir='ltr'><strong>gruis</strong></span> 
     </span>
     <span class='ocr_line' id='line_1_11' title="bbox 119 1095 1150 1172; baseline -0.002 -16"><span class='ocrx_word' id='word_1_91' title='bbox 119 1096 253 1156; x_wconf 81' lang='lat' dir='ltr'><strong>habeant.</strong></span> <span class='ocrx_word' id='word_1_92' title='bbox 285 1095 376 1154; x_wconf 93' lang='lat' dir='ltr'><strong>mulas</strong></span> <span class='ocrx_word' id='word_1_93' title='bbox 396 1112 452 1155; x_wconf 91' lang='lat' dir='ltr'><strong>uon</strong></span> <span class='ocrx_word' id='word_1_94' title='bbox 468 1096 618 1156; x_wconf 77' lang='lat' dir='ltr'><strong>calcitrare</strong></span> <span class='ocrx_word' id='word_1_95' title='bbox 637 1114 699 1155; x_wconf 92' lang='lat' dir='ltr'><strong>cum</strong></span> <span class='ocrx_word' id='word_1_96' title='bbox 720 1098 814 1155; x_wconf 85' lang='lat' dir='ltr'><strong>vinum</strong></span> <span class='ocrx_word' id='word_1_97' title='bbox 829 1095 962 1155; x_wconf 86' lang='lat' dir='ltr'><strong>biberint.</strong></span> <span class='ocrx_word' id='word_1_98' title='bbox 993 1095 1150 1172; x_wconf 80' lang='lat' dir='ltr'><strong>ungulasro</strong></span> 
     </span>
     <span class='ocr_line' id='line_1_12' title="bbox 120 1178 1117 1258; baseline -0.002 -19"><span class='ocrx_word' id='word_1_99' title='bbox 120 1188 226 1239; x_wconf 84' lang='lat' dir='ltr'><strong>tantum</strong></span> <span class='ocrx_word' id='word_1_100' title='bbox 241 1178 378 1238; x_wconf 92' lang='lat' dir='ltr'><strong>mularum</strong></span> <span class='ocrx_word' id='word_1_101' title='bbox 394 1189 543 1258; x_wconf 85' lang='lat' dir='ltr'><strong>repertas,</strong></span> <span class='ocrx_word' id='word_1_102' title='bbox 569 1197 662 1258; x_wconf 87' lang='lat' dir='ltr'><strong>neque</strong></span> <span class='ocrx_word' id='word_1_103' title='bbox 677 1180 761 1239; x_wconf 91' lang='lat' dir='ltr'><strong>aliam</strong></span> <span class='ocrx_word' id='word_1_104' title='bbox 776 1179 863 1239; x_wconf 90' lang='lat' dir='ltr'><strong>ullam</strong></span> <span class='ocrx_word' id='word_1_105' title='bbox 876 1179 1024 1238; x_wconf 82' lang='lat' dir='ltr'><strong>materiam</strong></span> <span class='ocrx_word' id='word_1_106' title='bbox 1042 1197 1117 1257; x_wconf 82' lang='lat' dir='ltr'><strong>quae</strong></span> 
     </span>
     <span class='ocr_line' id='line_1_13' title="bbox 120 1262 1117 1342; baseline -0.002 -20"><span class='ocrx_word' id='word_1_107' title='bbox 120 1281 177 1322; x_wconf 90' lang='lat' dir='ltr'><strong>uon</strong></span> <span class='ocrx_word' id='word_1_108' title='bbox 202 1262 410 1342; x_wconf 88' lang='lat' dir='ltr'><strong>perroderetur</strong></span> <span class='ocrx_word' id='word_1_109' title='bbox 433 1281 449 1322; x_wconf 92' lang='lat' dir='ltr'><strong>a</strong></span> <span class='ocrx_word' id='word_1_110' title='bbox 471 1281 584 1323; x_wconf 90' lang='lat' dir='ltr'><strong>veneno</strong></span> <span class='ocrx_word' id='word_1_111' title='bbox 606 1264 704 1339; x_wconf 76' lang='lat' dir='ltr'><strong>Stygis</strong></span> <span class='ocrx_word' id='word_1_112' title='bbox 729 1280 836 1341; x_wconf 78' lang='lat' dir='ltr'><strong>aquae,</strong></span> <span class='ocrx_word' id='word_1_113' title='bbox 860 1280 925 1322; x_wconf 92' lang='lat' dir='ltr'><strong>cum</strong></span> <span class='ocrx_word' id='word_1_114' title='bbox 943 1262 973 1321; x_wconf 94' lang='lat' dir='ltr'><strong>id</strong></span> <span class='ocrx_word' id='word_1_115' title='bbox 995 1262 1117 1322; x_wconf 93' lang='lat' dir='ltr'><strong>dandum</strong></span> 
     </span>
     <span class='ocr_line' id='line_1_14' title="bbox 121 1345 1117 1425; baseline -0.002 -18"><span class='ocrx_word' id='word_1_116' title='bbox 121 1345 288 1407; x_wconf 80' lang='lat' dir='ltr'><strong>Alexandro</strong></span> <span class='ocrx_word' id='word_1_117' title='bbox 312 1346 419 1424; x_wconf 82' lang='lat' dir='ltr'><strong>Magno</strong></span> <span class='ocrx_word' id='word_1_118' title='bbox 437 1346 591 1425; x_wconf 80' lang='lat' dir='ltr'><strong>Antipater</strong></span> <span class='ocrx_word' id='word_1_119' title='bbox 605 1349 746 1422; x_wconf 86' lang='lat' dir='ltr'><strong>mitteret,</strong></span> <span class='ocrx_word' id='word_1_120' title='bbox 773 1346 890 1422; x_wconf 82' lang='lat' dir='ltr'><strong>dignum</strong></span> <span class='ocrx_word' id='word_1_121' title='bbox 912 1348 1050 1405; x_wconf 90' lang='lat' dir='ltr'><strong>memoria</strong></span> <span class='ocrx_word' id='word_1_122' title='bbox 1073 1355 1117 1405; x_wconf 90' lang='lat' dir='ltr'><strong>est</strong></span> 
     </span>
     <span class='ocr_line' id='line_1_15' title="bbox 120 1429 1172 1508; baseline -0.001 -18"><span class='ocrx_word' id='word_1_123' title='bbox 120 1449 224 1507; x_wconf 86' lang='lat' dir='ltr'><strong>magna</strong></span> <span class='ocrx_word' id='word_1_124' title='bbox 248 1429 414 1491; x_wconf 84' lang='lat' dir='ltr'><strong>Aristotelis</strong></span> <span class='ocrx_word' id='word_1_125' title='bbox 436 1431 549 1491; x_wconf 88' lang='lat' dir='ltr'><strong>iniamia</strong></span> <span class='ocrx_word' id='word_1_126' title='bbox 574 1431 781 1506; x_wconf 77' lang='lat' dir='ltr'><strong>excogitatum.</strong></span> <span class='ocrx_word' id='word_1_127' title='bbox 818 1430 901 1489; x_wconf 91' lang='lat' dir='ltr'><strong>Nunc</strong></span> <span class='ocrx_word' id='word_1_128' title='bbox 921 1429 958 1489; x_wconf 94' lang='lat' dir='ltr'><strong>ad</strong></span> <span class='ocrx_word' id='word_1_129' title='bbox 979 1430 1116 1508; x_wconf 87' lang='lat' dir='ltr'><strong>aquatilia</strong></span> <span class='ocrx_word' id='word_1_130' title='bbox 1169 1443 1172 1451; x_wconf 64' lang='lat'><strong><em>⁴</em></strong></span> 
     </span>
     <span class='ocr_line' id='line_1_16' title="bbox 120 1522 1149 1594; baseline -0.007 -19"><span class='ocrx_word' id='word_1_131' title='bbox 120 1522 349 1594; x_wconf 84' lang='lat' dir='ltr'><strong>praevertemur.</strong></span> <span class='ocrx_word' id='word_1_132' title='bbox 1126 1527 1149 1568; x_wconf 77' lang='lat' dir='ltr'><strong>ts</strong></span> 
     </span>
    </p>
   </div>
   <div class='ocr_carea' id='block_1_3' title="bbox 363 2127 832 2213">
    <p class='ocr_par' dir='ltr' id='par_1_4' title="bbox 363 2127 832 2213">
     <span class='ocr_line' id='line_1_17' title="bbox 363 2127 832 2213; baseline -0.006 -2"><span class='ocrx_word' id='word_1_133' title='bbox 363 2130 570 2213; x_wconf 81' lang='lat' dir='ltr'><strong>G.PblNl</strong></span> <span class='ocrx_word' id='word_1_134' title='bbox 602 2127 832 2211; x_wconf 79' lang='lat' dir='ltr'><strong>subdunt</strong></span> 
     </span>
    </p>
   </div>
   <div class='ocr_carea' id='block_1_4' title="bbox 184 2295 1006 2542">
    <p class='ocr_par' dir='ltr' id='par_1_5' title="bbox 184 2295 1006 2542">
     <span class='ocr_line' id='line_1_18' title="bbox 184 2295 1006 2393; baseline -0.001 -5"><span class='ocrx_word' id='word_1_135' title='bbox 184 2296 573 2392; x_wconf 81' lang='lat' dir='ltr'><strong>lllllllldlll</strong></span> <span class='ocrx_word' id='word_1_136' title='bbox 614 2295 1006 2393; x_wconf 75' lang='lat' dir='ltr'><strong>dttttttttt</strong></span> 
     </span>
     <span class='ocr_line' id='line_1_19' title="bbox 430 2475 784 2542; baseline -0.011 0"><span class='ocrx_word' id='word_1_137' title='bbox 430 2475 784 2542; x_wconf 80' lang='lat' dir='ltr'><strong>nnuuuxxxr.</strong></span> 
     </span>
    </p>
   </div>
   <div class='ocr_carea' id='block_1_5' title="bbox 518 2650 668 2659">
    <p class='ocr_par' dir='ltr' id='par_1_6' title="bbox 518 2650 668 2659">
     <span class='ocr_line' id='line_1_20' title="bbox 518 2650 668 2659; baseline -0.013 0"><span class='ocrx_word' id='word_1_138' title='bbox 518 2650 668 2659; x_wconf 44' lang='lat' dir='ltr'>...u——</span> 
     </span>
    </p>
   </div>
   <div class='ocr_carea' id='block_1_6' title="bbox 90 2758 1153 3509">
    <p class='ocr_par' dir='ltr' id='par_1_7' title="bbox 94 2758 1152 3176">
     <span class='ocr_line' id='line_1_21' title="bbox 94 2758 1152 2844; baseline -0.013 -17"><span class='ocrx_word' id='word_1_139' title='bbox 94 2776 109 2827; x_wconf 97' lang='lat'>1</span> <span class='ocrx_word' id='word_1_140' title='bbox 186 2764 257 2842; x_wconf 84' lang='lat' dir='ltr'><strong>Cap.</strong></span> <span class='ocrx_word' id='word_1_141' title='bbox 274 2765 299 2822; x_wconf 87' lang='grc'><strong>1.</strong></span> <span class='ocrx_word' id='word_1_142' title='bbox 317 2765 413 2842; x_wconf 85' lang='lat' dir='ltr'><strong>(Soet.</strong></span> <span class='ocrx_word' id='word_1_143' title='bbox 429 2767 472 2844; x_wconf 87' lang='lat'><strong>1.)</strong></span> <span class='ocrx_word' id='word_1_144' title='bbox 494 2764 668 2842; x_wconf 80' lang='lat' dir='ltr'><strong>Aquatilium</strong></span> <span class='ocrx_word' id='word_1_145' title='bbox 685 2771 821 2824; x_wconf 87' lang='lat' dir='ltr'><strong>secuntur</strong></span> <span class='ocrx_word' id='word_1_146' title='bbox 831 2762 860 2820; x_wconf 93' lang='lat' dir='ltr'><strong>iu</strong></span> <span class='ocrx_word' id='word_1_147' title='bbox 871 2760 1012 2820; x_wconf 89' lang='lat' dir='ltr'><strong>medicina</strong></span> <span class='ocrx_word' id='word_1_148' title='bbox 1024 2758 1115 2819; x_wconf 91' lang='lat' dir='ltr'><strong>bene·</strong></span> <span class='ocrx_word' id='word_1_149' title='bbox 1126 2773 1152 2815; x_wconf 82' lang='lat' dir='ltr'><strong>so</strong></span> 
     </span>
     <span class='ocr_line' id='line_1_22' title="bbox 120 2841 1117 2926; baseline -0.006 -20"><span class='ocrx_word' id='word_1_150' title='bbox 120 2848 196 2922; x_wconf 89' lang='lat' dir='ltr'><strong>licia,</strong></span> <span class='ocrx_word' id='word_1_151' title='bbox 218 2847 324 2925; x_wconf 81' lang='lat' dir='ltr'><strong>opifice</strong></span> <span class='ocrx_word' id='word_1_152' title='bbox 341 2856 492 2907; x_wconf 84' lang='lat' dir='ltr'><strong>naturane</strong></span> <span class='ocrx_word' id='word_1_153' title='bbox 508 2849 536 2907; x_wconf 92' lang='lat' dir='ltr'><strong>iu</strong></span> <span class='ocrx_word' id='word_1_154' title='bbox 553 2848 610 2906; x_wconf 91' lang='lat' dir='ltr'><strong>illis</strong></span> <span class='ocrx_word' id='word_1_155' title='bbox 629 2847 743 2926; x_wconf 85' lang='lat' dir='ltr'><strong>quidem</strong></span> <span class='ocrx_word' id='word_1_156' title='bbox 758 2853 892 2905; x_wconf 89' lang='lat' dir='ltr'><strong>cessante</strong></span> <span class='ocrx_word' id='word_1_157' title='bbox 909 2852 939 2903; x_wconf 90' lang='lat' dir='ltr'><strong>et</strong></span> <span class='ocrx_word' id='word_1_158' title='bbox 953 2860 1006 2921; x_wconf 90' lang='lat' dir='ltr'><strong>per</strong></span> <span class='ocrx_word' id='word_1_159' title='bbox 1023 2841 1117 2902; x_wconf 92' lang='lat' dir='ltr'><strong>undas</strong></span> 
     </span>
     <span class='ocr_line' id='line_1_23' title="bbox 120 2926 1118 3007; baseline -0.006 -19"><span class='ocrx_word' id='word_1_160' title='bbox 120 2929 281 3006; x_wconf 84' lang='lat' dir='ltr'><strong>fluctusque</strong></span> <span class='ocrx_word' id='word_1_161' title='bbox 304 2947 338 2989; x_wconf 91' lang='lat' dir='ltr'><strong>ac</strong></span> <span class='ocrx_word' id='word_1_162' title='bbox 359 2932 531 3007; x_wconf 87' lang='lat' dir='ltr'><strong>reciprocos</strong></span> <span class='ocrx_word' id='word_1_163' title='bbox 553 2939 652 2990; x_wconf 91' lang='lat' dir='ltr'><strong>aestus</strong></span> <span class='ocrx_word' id='word_1_164' title='bbox 673 2930 851 3007; x_wconf 87' lang='lat' dir='ltr'><strong>amniumque</strong></span> <span class='ocrx_word' id='word_1_165' title='bbox 874 2926 991 3006; x_wconf 89' lang='lat' dir='ltr'><strong>rapidos</strong></span> <span class='ocrx_word' id='word_1_166' title='bbox 1014 2943 1118 2984; x_wconf 92' lang='lat' dir='ltr'><strong>cursus</strong></span> 
     </span>
     <span class='ocr_line' id='line_1_24' title="bbox 119 3010 1118 3092; baseline -0.006 -21"><span class='ocrx_word' id='word_1_167' title='bbox 119 3011 257 3089; x_wconf 90' lang='lat' dir='ltr'><strong>inprobas</strong></span> <span class='ocrx_word' id='word_1_168' title='bbox 270 3022 427 3071; x_wconf 85' lang='lat' dir='ltr'><strong>exercente</strong></span> <span class='ocrx_word' id='word_1_169' title='bbox 439 3015 520 3089; x_wconf 90' lang='lat' dir='ltr'><strong>viris,</strong></span> <span class='ocrx_word' id='word_1_170' title='bbox 535 3031 674 3090; x_wconf 84' lang='lat' dir='ltr'><strong>nusquam</strong></span> <span class='ocrx_word' id='word_1_171' title='bbox 691 3013 957 3092; x_wconf 83' lang='lat' dir='ltr'><strong>potentiamaiore,</strong></span> <span class='ocrx_word' id='word_1_172' title='bbox 975 3010 998 3067; x_wconf 95' lang='lat' dir='ltr'><strong>si</strong></span> <span class='ocrx_word' id='word_1_173' title='bbox 1015 3025 1118 3067; x_wconf 91' lang='lat' dir='ltr'><strong>verum</strong></span> 
     </span>
     <span class='ocr_line' id='line_1_25' title="bbox 119 3092 1116 3176; baseline -0.006 -21"><span class='ocrx_word' id='word_1_174' title='bbox 119 3097 203 3156; x_wconf 83' lang='lat' dir='ltr'><strong>lateri</strong></span> <span class='ocrx_word' id='word_1_175' title='bbox 218 3096 368 3171; x_wconf 90' lang='lat' dir='ltr'><strong>volumus,</strong></span> <span class='ocrx_word' id='word_1_176' title='bbox 393 3098 502 3176; x_wconf 82' lang='lat' dir='ltr'><strong>quippe</strong></span> <span class='ocrx_word' id='word_1_177' title='bbox 517 3097 575 3156; x_wconf 88' lang='lat' dir='ltr'><strong>hoo</strong></span> <span class='ocrx_word' id='word_1_178' title='bbox 598 3097 770 3157; x_wconf 89' lang='lat' dir='ltr'><strong>elementum</strong></span> <span class='ocrx_word' id='word_1_179' title='bbox 792 3096 899 3155; x_wconf 86' lang='lat' dir='ltr'><strong>ceteris</strong></span> <span class='ocrx_word' id='word_1_180' title='bbox 913 3092 1044 3153; x_wconf 89' lang='lat' dir='ltr'><strong>omuibus</strong></span> <span class='ocrx_word' id='word_1_181' title='bbox 1065 3093 1116 3150; x_wconf 92' lang='lat' dir='ltr'><strong>im·</strong></span> 
     </span>
    </p>

    <p class='ocr_par' dir='ltr' id='par_1_8' title="bbox 90 3175 1153 3509">
     <span class='ocr_line' id='line_1_26' title="bbox 90 3175 1153 3258; baseline -0.003 -19"><span class='ocrx_word' id='word_1_182' title='bbox 90 3187 212 3258; x_wconf 66' lang='lat' dir='ltr'><strong>dperat,</strong></span> <span class='ocrx_word' id='word_1_183' title='bbox 245 3188 338 3240; x_wconf 90' lang='lat' dir='ltr'><strong>terras</strong></span> <span class='ocrx_word' id='word_1_184' title='bbox 353 3179 494 3239; x_wconf 87' lang='lat' dir='ltr'><strong>devorant</strong></span> <span class='ocrx_word' id='word_1_185' title='bbox 508 3197 617 3258; x_wconf 85' lang='lat' dir='ltr'><strong>aquae,</strong></span> <span class='ocrx_word' id='word_1_186' title='bbox 632 3180 759 3240; x_wconf 87' lang='lat' dir='ltr'><strong>dammas</strong></span> <span class='ocrx_word' id='word_1_187' title='bbox 780 3187 901 3255; x_wconf 89' lang='lat' dir='ltr'><strong>necant,</strong></span> <span class='ocrx_word' id='word_1_188' title='bbox 924 3175 1064 3236; x_wconf 87' lang='lat' dir='ltr'><strong>scandunt</strong></span> <span class='ocrx_word' id='word_1_189' title='bbox 1087 3176 1153 3236; x_wconf 82' lang='lat' dir='ltr'><strong>iuss</strong></span> 
     </span>
     <span class='ocr_line' id='line_1_27' title="bbox 120 3261 1117 3342; baseline -0.004 -21"><span class='ocrx_word' id='word_1_190' title='bbox 120 3263 241 3322; x_wconf 90' lang='lat' dir='ltr'><strong>sublime</strong></span> <span class='ocrx_word' id='word_1_191' title='bbox 255 3273 284 3323; x_wconf 93' lang='lat' dir='ltr'><strong>et</strong></span> <span class='ocrx_word' id='word_1_192' title='bbox 300 3264 411 3323; x_wconf 89' lang='lat' dir='ltr'><strong>caelum</strong></span> <span class='ocrx_word' id='word_1_193' title='bbox 428 3281 544 3342; x_wconf 85' lang='lat' dir='ltr'><strong>quoque</strong></span> <span class='ocrx_word' id='word_1_194' title='bbox 565 3263 619 3322; x_wconf 92' lang='lat' dir='ltr'><strong>sibi</strong></span> <span class='ocrx_word' id='word_1_195' title='bbox 641 3264 786 3324; x_wconf 87' lang='lat' dir='ltr'><strong>vindicant</strong></span> <span class='ocrx_word' id='word_1_196' title='bbox 807 3281 842 3331; x_wconf 87' lang='lat' dir='ltr'><strong>uc</strong></span> <span class='ocrx_word' id='word_1_197' title='bbox 858 3261 972 3321; x_wconf 89' lang='lat' dir='ltr'><strong>nubium</strong></span> <span class='ocrx_word' id='word_1_198' title='bbox 994 3267 1117 3337; x_wconf 90' lang='lat' dir='ltr'><strong>optentu</strong></span> 
     </span>
     <span class='ocr_line' id='line_1_28' title="bbox 119 3343 1117 3426; baseline -0.003 -21"><span class='ocrx_word' id='word_1_199' title='bbox 119 3347 234 3406; x_wconf 86' lang='lat' dir='ltr'><strong>vitalem</strong></span> <span class='ocrx_word' id='word_1_200' title='bbox 249 3349 378 3426; x_wconf 90' lang='lat' dir='ltr'><strong>spiritum</strong></span> <span class='ocrx_word' id='word_1_201' title='bbox 394 3347 580 3425; x_wconf 81' lang='lat' dir='ltr'><strong>strangulant,</strong></span> <span class='ocrx_word' id='word_1_202' title='bbox 597 3365 672 3424; x_wconf 85' lang='lat' dir='ltr'><strong>quae</strong></span> <span class='ocrx_word' id='word_1_203' title='bbox 687 3355 774 3407; x_wconf 79' lang='lat' dir='ltr'><strong>cuusu</strong></span> <span class='ocrx_word' id='word_1_204' title='bbox 795 3346 913 3405; x_wconf 85' lang='lat' dir='ltr'><strong>fulmina</strong></span> <span class='ocrx_word' id='word_1_205' title='bbox 930 3343 1025 3419; x_wconf 86' lang='lat' dir='ltr'><strong>elidit,</strong></span> <span class='ocrx_word' id='word_1_206' title='bbox 1050 3343 1117 3420; x_wconf 87' lang='lat' dir='ltr'><strong>ipso</strong></span> 
     </span>
     <span class='ocr_line' id='line_1_29' title="bbox 120 3426 1118 3509; baseline -0.004 -21"><span class='ocrx_word' id='word_1_207' title='bbox 120 3447 218 3489; x_wconf 81' lang='lat' dir='ltr'><strong>secum</strong></span> <span class='ocrx_word' id='word_1_208' title='bbox 234 3430 416 3492; x_wconf 84' lang='lat' dir='ltr'><strong>discordante</strong></span> <span class='ocrx_word' id='word_1_209' title='bbox 432 3430 547 3492; x_wconf 84' lang='lat' dir='ltr'><strong>mundo.</strong></span> <span class='ocrx_word' id='word_1_210' title='bbox 581 3432 649 3509; x_wconf 83' lang='lat' dir='ltr'><strong>quid</strong></span> <span class='ocrx_word' id='word_1_211' title='bbox 665 3449 732 3491; x_wconf 91' lang='lat' dir='ltr'><strong>esse</strong></span> <span class='ocrx_word' id='word_1_212' title='bbox 747 3429 904 3490; x_wconf 88' lang='lat' dir='ltr'><strong>mirabilius</strong></span> <span class='ocrx_word' id='word_1_213' title='bbox 919 3434 1016 3506; x_wconf 90' lang='lat' dir='ltr'><strong>potest</strong></span> <span class='ocrx_word' id='word_1_214' title='bbox 1032 3426 1118 3504; x_wconf 85' lang='lat' dir='ltr'><strong>aquis</strong></span> 
     </span>
    </p>
   </div>
   <div class='ocr_carea' id='block_1_7' title="bbox 0 0 1204 3840">
    <p class='ocr_par' dir='ltr' id='par_1_9' title="bbox 0 0 1204 3840">
     <span class='ocr_line' id='line_1_30' title="bbox 0 0 1204 3840; baseline 0 0"><span class='ocrx_word' id='word_1_215' title='bbox 0 0 1204 3840; x_wconf 95' lang='lat' dir='ltr'><strong> </strong></span> 
     </span>
    </p>
   </div>
  </div>
 </body>
</html>
