2400 3840
335 193 416 241 nur.
431 192 523 245 nuso.
539 192 662 241 xxvur.
679 191 764 245 t-a
784 181 825 258 (s.
840 183 882 259 o.)
1043 185 1100 248 161

115 348 252 426 princeps
264 349 389 407 civitatis
400 364 458 407 nou
477 347 588 427 pridem
602 347 630 407 iu
645 357 721 408 metu
737 348 923 427 lippitudinis,
937 350 1102 428 priusquam

113 432 177 508 ipse
198 447 260 489 earn
281 432 440 491 nominaret
462 432 573 492 aliusve
595 432 621 490 ei
643 431 841 509 praediceret,
872 432 981 492 duabus
1001 432 1103 493 litteris

114 512 232 573 Graecis
247 514 315 573 ΡΑ
327 513 452 573 chartam
464 515 631 593 inscriptam
642 515 867 592 circumligatam
878 516 937 576 lino
949 516 1102 576 subnecte-

112 595 161 656 but
176 597 263 670 collo,
282 597 429 657 Mucianus
445 605 490 658 ter
507 597 609 658 consul
627 597 729 657 eadem
743 598 947 659 observatione
958 603 1103 659 viventem

86 697 238 740 smuscam
252 681 280 737 in
291 679 412 740 linteolo
424 678 503 757 albo,
519 680 564 740 his
575 680 710 740 remediis
726 698 827 741 carere
842 683 923 760 ipsos
934 682 1104 760 lippitudine

112 762 321 843 praedicantes.
354 761 485 824 Carmina
501 763 614 843 quidem
626 772 740 823 exstant
755 774 855 825 contra
870 765 1024 842 grandines
1035 782 1104 825 con-

111 856 213 924 traque
232 844 394 907 morborum
409 865 520 924 genera
534 856 693 925 contraque
709 847 847 926 ambusta,
864 848 1002 926 quaedam
1020 849 1103 909 etiarn

112 939 244 1008 experta,
261 930 314 989 sed
330 929 480 1009 prodendo
496 930 591 991 obstat
607 932 711 1007 iugens
725 931 899 992 verecundia
915 933 943 992 io
954 940 1031 992 tanta
1046 930 1104 992 ani-

111 1029 220 1072 morum
235 1015 385 1074 varietate.
415 1023 595 1093 quapropter
612 1013 648 1073 de
667 1015 702 1073 iis
725 1024 754 1073 ut
772 1016 874 1094 cuique
894 1016 1003 1077 libitum
1018 1017 1105 1077 luerit

76 1113 129 1160 roo
153 1098 255 1156 inetur.

133 1114 150 1175 p
172 1178 201 1240 3.
223 1181 286 1259 (6.)
306 1180 457 1240 Hominum
476 1179 668 1238 monstrificas
688 1187 803 1238 naturas
830 1190 859 1238 et
882 1181 1029 1243 veneficos
1051 1182 1099 1242 ad·
1112 1193 1147 1247 30

111 1271 231 1342 spectus
249 1263 370 1321 diximus
383 1265 412 1322 iu
429 1264 570 1340 portentis
584 1262 710 1338 gentium
727 1269 757 1320 et
771 1261 873 1321 multas
889 1265 1048 1324 animalium
1060 1284 1107 1326 ass
1116 1290 1146 1328 sq.

111 1346 317 1423 proprietates,
334 1362 408 1422 quae
422 1346 517 1424 repeti
533 1362 742 1421 supervacuum
762 1353 817 1402 est.
847 1345 1030 1418 Quorundam
1048 1346 1098 1407 bo·

111 1430 214 1487 minum
228 1436 290 1487 tota
306 1444 430 1505 corpora
446 1437 576 1506 prosunt,
594 1435 624 1487 ut
639 1445 676 1485 ex
690 1427 734 1487 bis
749 1425 862 1486 familiis
879 1445 952 1505 quae
968 1438 1033 1487 sunt
1045 1438 1103 1488 ter·

76 1513 170 1578 15rori
184 1511 369 1589 serpentibus
385 1519 462 1569 tactu
483 1512 549 1589 ipso
566 1509 663 1570 levant
678 1526 837 1587 percussos
855 1520 975 1570 suctuve
990 1530 1008 1571 e
1023 1512 1103 1571 turni·

112 1595 163 1671 do,
180 1611 332 1673 quorume
351 1611 462 1671 genere
485 1603 550 1654 sunt
565 1593 654 1668 Psylli
677 1591 822 1671 Marcique
843 1603 873 1654 et
893 1594 940 1673 qui
956 1594 1103 1673 Ophioge-

111 1696 163 1736 nes
179 1686 320 1738 vocantur
337 1677 470 1737 ininsula
485 1677 579 1754 Paro,
601 1695 640 1737 ex
661 1694 715 1755 qua
730 1677 837 1737 familia
853 1677 967 1755 legatus
980 1678 1104 1755 Evagon

111 1762 225 1821 nominc
246 1779 262 1823 a
280 1760 447 1822 consulibus
466 1761 578 1822 Romae
598 1762 626 1820 in
647 1760 753 1820 dolium
776 1763 953 1840 serpentium
975 1763 1103 1822 coiectus

112 1847 300 1922 experimenti
316 1863 402 1907 causa
418 1842 716 1907 circummulcentibus
726 1844 831 1921 linguis
843 1846 1009 1905 miraculum
1021 1863 1103 1923 prae·

75 1947 102 1988 so
112 1927 181 1986 buit.
211 1929 321 2005 siguum
338 1929 399 1988 eius
415 1929 540 1990 familiae
556 1937 616 2004 est,
640 1929 664 1987 si
684 1927 770 1987 modo
785 1926 878 1986 adbuc
892 1927 990 2004 durat,
1004 1929 1100 1987 vernis
1112 1939 1144 1993 31

112 2011 289 2088 temporibus
311 2012 411 2071 odoris
428 2014 516 2072 virus.
546 2021 632 2090 atque
648 2028 747 2071 eorum
770 2010 858 2069 sudor
874 2027 990 2088 quoque
1007 2011 1102 2070 mede·

111 2091 209 2169 batur,
231 2111 289 2153 uon
303 2094 389 2154 modo
407 2095 510 2155 saliva.
541 2112 605 2154 nam
625 2095 654 2153 in
677 2094 769 2153 insula
787 2092 845 2152 Nili
861 2092 980 2168 Tentyri
1000 2103 1104 2170 gentes

112 2185 189 2234 tanto
206 2185 270 2235 sunt
285 2176 442 2237 crocodilis
463 2179 568 2238 terrori
579 2185 609 2236 ut
621 2195 723 2238 vocem
737 2193 853 2256 quoque
869 2193 969 2236 eorum
982 2177 1101 2254 lugiunt.

111 2258 218 2318 llorum
247 2262 369 2320 omnium
395 2279 534 2338 generum
563 2263 591 2320 in
618 2278 670 2320 sua
696 2263 885 2339 repugnantia
914 2262 1104 2320 interventum

76 2373 103 2413 25
113 2359 230 2423 quoquc
248 2344 357 2404 mederi
373 2353 497 2420 constat,
513 2345 597 2404 sicuti
613 2344 764 2420 adgravari
784 2343 905 2403 volnera
918 2344 1033 2403 introitu
1050 2358 1099 2401 eo-

110 2446 171 2487 ruru
183 2431 230 2507 qui
242 2445 370 2507 umquam
382 2428 488 2487 fuerint
498 2428 672 2504 serpentium
685 2428 801 2486 canisve
814 2426 899 2485 dente
911 2426 993 2485 laesi.
1011 2425 1099 2484 Iidem
1112 2435 1146 2488 32

111 2511 281 2587 gallinarum
298 2508 455 2584 incubitus,
481 2526 618 2587 pecorum
640 2508 716 2567 ietus
736 2508 838 2568 abortu
858 2508 966 2567 vitiant.
996 2517 1102 2567 tanturn
1172 2514 1175 2519 ’

111 2603 242 2652 remanet
260 2596 339 2653 virus
364 2611 402 2651 ex
425 2600 549 2669 accepto
572 2591 663 2650 semel
683 2591 759 2650 malo
782 2599 811 2649 ut
829 2590 952 2649 venefici
969 2590 1037 2649 daut
1054 2607 1102 2647 ue·

112 2692 186 2734 nena
206 2678 294 2753 passi.
324 2675 452 2735 remedio
474 2684 519 2734 est
535 2672 612 2733 ablui
634 2674 713 2751 prius
734 2690 832 2733 manus
851 2682 952 2732 eorum
973 2690 1104 2752 aquaque

76 2759 162 2828 anilla
184 2775 236 2817 eos
258 2757 361 2837 quibus
383 2758 527 2819 medearis
547 2757 687 2835 inspergi.
716 2774 814 2815 rursus
836 2773 852 2816 a
875 2755 1032 2834 scorpione
1052 2755 1102 2816 ali-

113 2841 226 2921 quando
242 2842 375 2922 percussi
391 2858 541 2921 numquam
561 2849 665 2920 postea
680 2857 696 2900 a
710 2836 909 2915 crabronibus,
927 2840 1026 2917 vespis
1042 2841 1102 2918 api·

112 2924 204 2985 busve
221 2926 370 2986 feriuntur.
402 2925 495 2987 Minus
509 2927 629 2984 miretur
642 2923 699 2983 boc
713 2923 760 3001 qui
775 2924 848 2983 sciat
861 2931 971 2982 vestem
986 2940 1002 2983 a
1014 2923 1100 2983 tineis
1111 2931 1146 2985 33
1189 2941 1193 2951 ’

112 3025 170 3067 uon
185 3009 285 3087 attingi
303 3025 378 3086 quac
399 3009 485 3068 luerit
504 3010 532 3068 in
553 3008 673 3079 funere,
698 3009 843 3085 serpentis
865 3024 953 3084 aegre
973 3015 1101 3085 praeter·

114 3108 198 3169 quam
213 3092 297 3151 laeva
312 3107 395 3152 manu
416 3091 538 3151 extrabi.
566 3093 596 3152 4.
620 3110 637 3150 e
651 3089 832 3167 Pythagorae
847 3090 969 3149 iuuentis
984 3106 1041 3148 non
1059 3098 1100 3147 te-

79 3190 196 3238 asmere
217 3175 321 3235 fallere
339 3174 556 3252 inpositivorum
575 3174 717 3233 nominum
738 3174 865 3252 inparem
888 3172 1031 3232 vocalium
1052 3190 1101 3231 uu·

113 3275 221 3318 merom
238 3257 406 3319 clauditates
428 3257 543 3319 oculive
559 3256 711 3317 orbitatem
724 3274 760 3316 ac
777 3255 877 3316 similis
893 3272 977 3314 casus
992 3254 1101 3313 dextris

114 3340 269 3418 adsignare
282 3338 421 3420 partibus,
438 3357 536 3418 parem
551 3339 654 3400 laevis.
679 3339 774 3399 lerunt
790 3338 916 3400 dildcilis
930 3344 1029 3416 partus
1043 3343 1100 3396 sta·

115 3425 164 3483 tirn
178 3424 270 3500 solvi,
298 3442 360 3484 cum
378 3424 442 3502 quis
462 3431 566 3482 tectum
589 3422 616 3480 in
636 3438 693 3499 quo
721 3424 759 3481 sit
777 3422 895 3500 gravida
913 3419 1110 3480 transmiserit.

163 3527 232 3566 nuru.
248 3528 311 3566 nnn.
327 3528 395 3566 nrsr.
410 3511 457 3565 IV.
907 3503 952 3561 ll
