2400 3840
347 190 427 237 nnn.
443 187 535 237 mss.
549 187 675 235 xxmn.
692 184 719 238 8.
738 178 797 254 (27.
813 176 874 253 tu.)
1044 177 1108 238 utu

113 362 171 406 nou
187 344 254 404 elici
271 343 344 404 deos
359 359 417 402 nec
436 341 593 420 conloqui,
615 344 677 401 sire
694 341 822 401 lucernis
840 343 907 400 sire
923 342 1023 420 pelvi,
1045 345 1108 403 sive

114 446 188 507 aqua
204 429 266 487 siue
290 427 365 505 pila,
389 427 452 486 sine
473 443 529 504 quo
554 424 611 484 alio
627 442 738 501 genere
760 433 924 503 temptetur.
957 443 1061 486 carues
1084 428 1108 485 si

113 513 243 586 edantur,
262 519 363 570 contra
375 508 469 569 rabidi
488 509 568 568 cauis
583 525 696 568 morsus
714 508 845 568 ellicacis
860 526 940 584 csse,
956 511 1109 569 etiamnum

113 598 195 654 iocur
210 595 370 653 efficacius.
402 593 496 653 caruis
513 591 562 650 vel
578 609 646 652 ossa
660 591 785 652 hominis
800 594 913 671 quaein
924 593 1087 654 ventriculo
1099 604 1151 658 105

89 704 102 742 s
114 679 232 737 occisae
245 678 424 736 inveniantur
438 675 534 735 suldtu
549 675 729 755 podragricis
743 676 884 736 auxiliari.
904 677 929 736 si
940 695 1053 754 ungues
1066 677 1107 735 in-

112 762 265 820 veniantur
279 761 308 818 in
323 760 379 832 his,
397 769 519 819 mortem
534 759 653 818 alicuius
668 761 840 839 capientium
856 760 1024 837 significari.
1058 777 1107 819 ex·

113 851 260 903 crementa
274 845 336 902 slve
354 861 421 903 ossa
431 842 552 917 reddita,
571 859 634 901 cum
649 844 845 919 interematur,
863 854 963 904 contra
979 844 1108 921 magicas

112 925 230 987 insidias
251 926 376 1005 pollere.
405 928 498 987 limum
514 925 592 1002 quod
613 928 641 984 in
659 927 801 987 intestinis
823 928 967 987 inventum
988 929 1024 987 sit
1045 944 1107 987 are-

112 1011 218 1070 factum
239 1010 275 1070 ad
295 1011 488 1085 dysintericos
506 1009 612 1070 valere
632 1017 729 1087 potum
750 1010 916 1089 inlitumque
938 1029 1002 1071 cum
1023 1010 1107 1090 adipe

76 1109 103 1151 ιο
113 1096 246 1154 anserino
263 1101 325 1153 toto
340 1111 468 1172 corpore
486 1093 622 1171 opitulari
643 1092 730 1152 laesis
749 1093 830 1153 malo
847 1095 1074 1171 medicamento,
1091 1111 1107 1154 a

113 1195 185 1237 cane
199 1194 272 1236 vero
288 1179 392 1237 morsis
406 1177 520 1253 adipem
536 1175 644 1234 inlitum
655 1183 685 1232 et
697 1177 805 1235 corium
821 1176 1002 1237 substratum.
1025 1189 1150 1242 rur-106

112 1260 227 1319 sustuli
246 1261 353 1318 sinistri
368 1260 466 1317 cinere
481 1258 606 1317 decocto
622 1276 685 1316 cum
699 1259 837 1335 sanguiue
851 1260 990 1320 mustelae
1004 1278 1106 1340 peruu-

113 1350 178 1402 ctos
195 1341 325 1400 omnibus
343 1342 411 1401 odio
429 1343 545 1418 venire,
566 1341 641 1399 idem
661 1342 723 1400 lieri
744 1341 831 1401 oculo
854 1342 987 1401 decocto.
1019 1361 1106 1420 super

114 1427 207 1485 omnia
222 1433 267 1484 est
284 1425 361 1503 quod
377 1433 534 1484 extremam
550 1424 673 1484 listulam
690 1426 817 1485 intestini
833 1433 934 1485 contra
950 1425 1053 1484 ducum
1070 1443 1105 1485 ac

78 1529 104 1570 m
115 1510 300 1588 potestatium
314 1509 478 1585 iniquitates
498 1517 711 1568 coumoustraut
725 1517 755 1568 ct
768 1507 805 1568 ad
821 1525 975 1568 successus
991 1508 1105 1587 petitio·

112 1611 177 1653 num
193 1592 421 1670 iudiciorumque
436 1609 472 1652 ac
486 1591 576 1651 litium
593 1601 731 1669 eventus,
755 1593 780 1650 si
801 1593 914 1652 omnino
934 1600 1039 1652 tantum
1055 1591 1105 1652 ali·

112 1677 176 1754 quis
194 1694 293 1735 secum
308 1675 429 1752 babeat,
447 1684 475 1735 at
491 1676 618 1736 eiusdem
635 1694 786 1736 cavernam
804 1677 918 1736 sinistro
933 1676 1044 1736 lacerto
1060 1694 1105 1735 re·

111 1759 238 1836 ligatam,
252 1762 276 1818 si
289 1760 508 1837 quismulierem
519 1760 688 1838 prospiciat,
700 1761 866 1819 amatorium
876 1777 943 1819 esse
955 1769 1011 1820 tam
1022 1777 1105 1839 prae·

113 1860 180 1902 sens
198 1851 228 1901 ut
241 1842 309 1903 ilico
325 1853 473 1922 sequatur.
498 1843 626 1903 eiusdem
638 1844 697 1902 loci
713 1844 834 1921 pilorum
848 1845 973 1903 cinerem
985 1861 1022 1904 ex
1038 1843 1105 1905 oleo

76 1940 103 1982 no
112 1926 220 1986 inlitum
239 1927 308 1984 viris
325 1929 373 2006 qui
388 1929 444 1985 sint
461 1926 621 2004 probrosae
641 1927 780 1986 mollitiae
796 1944 928 2003 severos,
947 1943 1005 1986 nou
1020 1926 1105 1988 modo

112 2008 234 2087 pudicos
249 2026 347 2068 mores
360 2009 489 2070 induere.

176 2090 259 2168 (28.)
281 2092 424 2152 Proxuma
444 2092 596 2153 fabulosus
618 2101 663 2152 est
686 2092 851 2152 crocodilus
874 2093 991 2170 iugenio
1013 2111 1084 2172 quo·
1097 2102 1146 2158 107

112 2191 178 2253 que,
197 2173 248 2233 ille
264 2176 309 2234 cni
324 2178 383 2237 vita
400 2177 428 2235 in
442 2193 516 2254 aqua
534 2185 668 2256 terraque
687 2177 852 2237 communis.
888 2177 945 2236 duo
963 2178 1037 2237 enim
1053 2195 1105 2253 ge·

113 2275 185 2316 uera
202 2275 311 2318 eorum.
342 2259 419 2320 illius
434 2260 567 2321 edentia
583 2261 698 2321 maxilla
718 2261 819 2321 dantes
837 2260 984 2338 adalligati
1001 2261 1104 2320 dextro

75 2357 103 2399 as
113 2340 225 2401 lacerto
234 2343 337 2419 coitus,
346 2345 370 2402 si
382 2343 533 2420 credimus,
542 2346 694 2420 stimulant,
708 2345 911 2404 caninideutes
920 2343 1106 2404 lebrisstatas

112 2433 212 2485 arcent
224 2435 288 2485 ture
299 2427 457 2505 repleti-
467 2435 533 2486 snut
543 2429 617 2486 enim
628 2429 703 2503 cavi,
715 2462 758 2475 -
769 2429 807 2487 ita
819 2446 857 2486 ue
871 2427 1106 2507 diebusquinque

111 2508 147 2567 ab
164 2525 255 2584 aegro
271 2518 405 2568 cernatur
419 2510 468 2588 qui
487 2508 698 2586 adalligaverit.
729 2509 805 2568 idem
821 2509 937 2586 pollere
955 2519 985 2569 et
1003 2520 1105 2571 ventre

111 2599 265 2668 exemptos
284 2590 402 2667 lapillos
423 2591 561 2650 adversus
585 2590 708 2651 febrium
723 2591 862 2652 horrores
885 2593 1029 2653 venientis
1049 2603 1105 2654 tra-

112 2673 190 2736 dunt.
220 2690 254 2733 ea
276 2675 360 2733 etiam
378 2674 415 2734 de
433 2692 519 2733 eausa
536 2673 674 2753 Aegyptii
689 2682 851 2753 perungunt
870 2675 955 2754 adipe
977 2693 1084 2753 aegros
1097 2688 1148 2742 108

71 2774 193 2822 cosuos.
225 2756 299 2816 alter
313 2756 354 2815 illi
374 2758 489 2834 similis,
509 2758 626 2818 multum
645 2758 718 2818 iufra
741 2759 951 2835 magnitudine,
977 2760 1006 2819 iu
1026 2769 1105 2821 terra

112 2849 221 2900 tanturn
241 2840 509 2921 odoratissimisque
529 2841 647 2903 floribus
663 2842 744 2902 vivit.
777 2840 814 2901 ob
838 2842 866 2901 id
887 2843 1021 2904 intestina
1043 2845 1105 2904 eius

112 2923 266 3001 diligenter
293 2927 480 3004 exquiruntur
507 2926 631 2986 iucundo
659 2926 761 2987 nidore
789 2925 872 2987 lanta.
909 2927 1105 2988 crocodileam

111 3016 234 3085 vocant,
259 3008 407 3068 oculorum
423 3011 500 3070 vitiis
514 3011 693 3071 utilissimam
711 3028 774 3070 cnm
795 3012 875 3089 porri
891 3027 962 3070 suco
982 3013 1104 3071 inunctis

111 3098 141 3149 et
156 3099 256 3150 contra
271 3091 456 3153 subfusiones
471 3094 519 3154 vel
535 3094 686 3172 caligines.
717 3093 796 3153 inlitu
819 3112 935 3174 quoque
955 3113 993 3154 ex
1015 3093 1082 3154 oleo
1095 3103 1146 3158 109

76 3191 103 3232 as
112 3174 234 3252 cyprino
259 3175 409 3235 molestias
434 3177 462 3234 in
484 3177 561 3237 facie
585 3180 750 3238 enascantis
763 3177 853 3255 tollit,
877 3196 916 3237 ex
937 3196 1010 3257 aqua
1032 3192 1102 3236 vero

110 3255 229 3316 morbos
245 3259 336 3318 omnis
348 3275 468 3337 qnorum
483 3269 581 3320 natura
597 3263 688 3340 serpit
702 3264 730 3321 in
744 3261 828 3338 facie,
844 3261 1024 3339 ultoremque
1038 3259 1102 3319 red·

112 3339 162 3398 dit.
192 3341 348 3418 lentigines
364 3341 440 3402 tollit
455 3360 490 3402 ac
504 3361 592 3404 varos
613 3345 798 3422 maculasque
820 3344 927 3420 omnis,
952 3352 982 3403 et
1003 3351 1103 3404 contra

113 3422 264 3485 comitialis
280 3425 398 3486 morbos
415 3425 522 3486 bibitur
537 3444 574 3486 ex
590 3436 674 3487 aceto
692 3428 782 3486 mulso
796 3425 870 3486 binis
886 3425 993 3486 obolis.
1014 3426 1108 3501 adpo-
