2400 3840
359 199 440 248 usn.
458 199 550 253 meu.
570 199 666 249 xxix.
683 200 710 253 4.
728 191 879 270 (ur-nn.)
1047 192 1109 255 219

117 370 200 432 quam
222 361 320 413 contra
351 355 495 431 serpentis
516 354 642 415 remedia
669 356 900 434 demonstrasse,
922 357 1055 436 quoniam
1081 367 1110 418 et

116 436 190 496 lraec
205 453 315 496 morum
336 437 479 498 reueiioia
495 447 569 502 sunt.
592 438 748 500 draconum
764 439 878 519 adipem
899 449 1041 499 venenata
1065 440 1108 500 iu·

114 521 205 597 giuut,
223 521 300 595 item,
314 521 338 579 si
346 529 452 598 uratur,
468 521 696 602 ichneumonum,
711 524 823 600 lugiunt
834 532 864 583 et
879 524 978 583 urticis
988 523 1062 582 tritis
1080 525 1109 583 iu

115 613 198 664 aceto
216 611 383 681 perunctos.

90 709 104 749 s
176 686 259 764 (21.)
283 687 413 764 viperae
428 698 515 767 eaput
530 691 700 766 inpositum,
724 691 773 750 vel
794 689 913 749 alterius
932 706 1015 767 quarn
1031 699 1150 767 quaeso

114 771 305 847 percusserit,
324 772 387 830 sine
404 771 461 830 line
476 772 613 849 prodest,
629 776 697 833 item
713 777 737 833 si
753 775 816 852 quis
832 788 895 832 eam
908 773 1000 849 ipsam
1015 772 1044 830 iu
1059 790 1107 832 ra·

113 869 186 930 pore
202 853 306 913 baculo
324 855 476 930 sustineat,
501 855 578 914 aiunt
599 858 674 915 enim
688 873 883 934 praecanere,
908 857 978 914 item
997 857 1022 914 si
1043 856 1107 934 quis

113 946 234 995 exustae
252 937 313 996 eius
328 940 426 998 cinere
440 938 550 998 inlinat.
578 940 687 999 reverti
703 948 796 999 autem
812 937 847 998 ad
861 955 1031 1017 percussum
1047 957 1107 998 ser·

113 1028 228 1097 pentem
248 1023 424 1082 necessitate
443 1031 563 1081 naturae
577 1019 711 1100 Nigidius
728 1031 830 1083 auctor
849 1031 916 1081 est:
941 1031 1027 1100 caput
1046 1023 1107 1101 qui·

76 1103 179 1162 sedern
201 1104 346 1164 dissecant
368 1104 495 1178 Scythae
522 1106 596 1172 iuter
617 1108 694 1165 auris
717 1105 753 1167 ad
777 1104 956 1166 eximendum
978 1105 1108 1185 lapillum

113 1204 197 1265 quern
210 1190 287 1247 aiunt
299 1187 335 1246 ab
349 1204 384 1246 ea
397 1187 533 1246 devorari
540 1189 649 1247 territa.
666 1188 713 1248 alii
726 1190 791 1266 ipso
803 1197 865 1248 toto
876 1190 971 1265 eapite
982 1197 1106 1248 utuntur.

111 1271 181 1330 liunt
195 1288 233 1329 ex
240 1271 342 1347 vipera
358 1269 465 1346 pastilli
481 1271 528 1348 qui
541 1270 661 1331 theriaci
677 1279 819 1330 vocantur
841 1270 1002 1345 aGrueois,
1014 1272 1150 1336 ternisto

112 1353 210 1429 digitis
221 1368 373 1412 mensurae
379 1353 519 1431 utrimque
533 1354 684 1431 amputetis
698 1354 899 1431 exemptisque
913 1353 1068 1411 interaneis
1079 1361 1108 1412 et

113 1437 208 1496 livore
225 1435 327 1513 spinae
343 1434 529 1510 adhaerente,
546 1437 660 1515 reliquo
676 1452 803 1514 corpore
822 1437 851 1494 in
866 1437 962 1513 patina
978 1452 1016 1493 ex
1032 1451 1106 1512 aqua

76 1539 104 1583 ss
115 1529 145 1579 et
159 1527 244 1578 aneto
261 1517 393 1578 discocto
408 1519 556 1597 spinisque
574 1521 716 1599 exemptis
732 1528 762 1578 et
776 1518 871 1579 addita
890 1518 1053 1594 similagine
1067 1525 1106 1575 ac

113 1620 169 1681 que
184 1602 222 1662 ita
239 1603 268 1660 in
287 1600 387 1661 umbra
408 1602 525 1661 siccatis
546 1603 669 1680 pastillis
692 1601 795 1681 quibus
821 1601 855 1661 ad
875 1601 961 1661 multa
982 1599 1105 1660 medica·

111 1695 206 1745 menta
225 1693 349 1745 utuntur.
381 1685 598 1762 significandum
616 1686 730 1746 videtur
757 1705 774 1746 e
796 1686 897 1765 vipera
916 1693 1022 1744 tantum
1050 1683 1106 1742 hoe

111 1770 184 1829 lieri.
221 1768 333 1847 quidam
347 1778 488 1847 purgatae
504 1777 535 1828 nt
555 1788 641 1850 supre
655 1769 761 1830 dictum
777 1779 823 1829 est
839 1768 953 1849 adipem
968 1784 1031 1827 oum
1047 1766 1106 1826 olei

112 1853 241 1913 sextario
259 1852 402 1913 decocunt
417 1851 453 1913 ad
468 1852 606 1913 dimidius.
643 1872 680 1913 ex
696 1872 747 1930 eo,
769 1870 832 1913 cum
849 1869 923 1930 opus
940 1853 991 1928 sit,
1013 1850 1104 1908 ternis

74 1936 197 1996 nostillis
229 1935 332 1996 additis
357 1939 386 1994 iu
411 1936 507 1995 oleum
531 1945 728 2015 perunguntur
750 1946 781 1995 ut
804 1952 903 1995 omnes
929 1933 1041 1993 hestiae
1063 1932 1105 1990 iu·

113 2028 270 2179 mangi&
282 2101 439 2160 Praeterea
453 2109 565 2160 constat
583 2107 682 2159 contra
698 2100 821 2159 omnium
837 2099 1014 2176 serpentium
1029 2098 1103 2156 ictus
1113 2102 1147 2159 ⁷1

114 2184 243 2262 quamvis
263 2183 430 2243 insanabilis
454 2185 581 2263 ipsarum
598 2192 664 2243 exta
684 2184 806 2262 inposita
822 2181 968 2256 auxiliari,
994 2196 1106 2257 eosque

115 2269 162 2345 qui
180 2267 460 2345 aliquandoviperae
475 2269 558 2327 iecur
572 2275 685 2326 coctum
701 2266 847 2326 hauserint
859 2282 1009 2344 numquam
1024 2271 1105 2342 post·

75 2369 150 2412 acea
171 2352 252 2411 ieriri
274 2368 291 2411 a
312 2359 460 2429 serpente.
491 2367 587 2428 neque
614 2351 715 2426 anguis
730 2357 888 2409 venenatus
910 2357 955 2408 est
975 2348 1030 2407 nisi
1053 2363 1107 2424 per

113 2451 240 2493 inensem
254 2434 319 2494 luna
336 2435 498 2509 instigetur,
515 2441 544 2492 et
560 2433 681 2509 prodest
694 2434 778 2491 rivos
795 2431 1013 2509 conprehensus
1034 2438 1064 2489 et
1076 2429 1106 2486 in

114 2535 188 2595 aqua
203 2525 375 2591 ooutuusus,
392 2517 417 2573 si
433 2515 585 2574 foveantur
601 2516 639 2573 ita
662 2531 784 2573 morsus.
820 2514 895 2587 Quin
917 2521 945 2571 et
964 2514 1062 2571 inesse
1078 2511 1148 2573 cili

113 2599 239 2659 remedia
253 2598 341 2657 multa
361 2597 529 2671 creduntur,
551 2604 582 2654 ut
595 2596 775 2672 digeremus,
797 2604 826 2654 et
841 2595 907 2654 ideo
928 2593 1107 2671 Aesculapio

113 2682 234 2742 dicatur.
262 2679 445 2739 Democritus
461 2678 574 2756 quidem
585 2688 711 2737 monstra
732 2677 870 2755 quaedam
885 2695 923 2736 ex
938 2677 982 2737 his
999 2676 1106 2737 eondu-

76 2785 105 2829 ec
115 2767 157 2842 git
172 2772 202 2822 ut
215 2762 328 2840 possint
335 2763 435 2822 arium
448 2779 599 2821 sermones
613 2761 753 2837 intellegi.
786 2760 898 2837 Anguis
911 2759 1106 2838 Aesculapius

114 2845 262 2926 Epidauro
278 2847 398 2906 Romam
413 2845 552 2907 advectus
566 2854 612 2905 est
625 2844 774 2922 volgoque
790 2845 919 2922 pasoitur
928 2852 957 2903 et
970 2846 998 2903 iu
1016 2842 1105 2903 domi-

114 2932 179 3006 bus,
197 2949 232 2990 ac
246 2930 300 2990 uisi
316 2930 456 2990 incendiis
470 2931 578 2990 semina
593 2937 795 3005 exurerentur,
811 2944 869 2987 nou
884 2937 963 2989 esset
977 2925 1105 2987 fecundi·

113 3017 163 3075 tati
178 3032 277 3074 eorum
292 3015 442 3077 resistere.
462 3010 495 3073 ln
506 3013 578 3072 orbe
589 3022 729 3073 terrarum
741 3011 961 3091 pulcherrimum
972 3013 1106 3088 anguium

114 3116 207 3176 genus
224 3106 270 3157 est
285 3098 362 3176 quod
377 3107 406 3157 et
423 3099 451 3156 in
467 3114 540 3175 aqua
555 3098 639 3175 vivit,
665 3096 747 3172 hydri
762 3105 919 3171 vocantur,
942 3094 1022 3154 nullo
1045 3110 1105 3151 ser·

77 3183 241 3260 sepontium
255 3181 411 3240 inferiores
431 3197 555 3240 veneno.
584 3180 687 3240 horum
706 3182 787 3240 ieeur
807 3187 950 3239 servatum
965 3176 1106 3238 adversus

114 3282 271 3344 percussos
286 3264 323 3324 ab
338 3263 384 3324 lris
397 3263 532 3324 auxilium
546 3271 599 3324 est.
637 3263 762 3341 Scorpio
783 3263 866 3321 tritus
887 3260 1040 3322 stelionum
1054 3266 1149 3323 vers

114 3350 189 3408 neno
212 3347 392 3408 adversatur.
433 3349 465 3408 iit
487 3348 560 3406 euim
581 3355 642 3405 ete
666 3343 837 3406 stelionibus
856 3343 959 3403 malum
981 3340 1104 3401 medica·

113 3440 246 3492 mentum.
284 3449 349 3493 uam
364 3449 428 3492 curu
441 3433 598 3490 inmortuus
611 3436 657 3487 est
671 3429 750 3503 rino,
764 3426 867 3486 iaciem
883 3443 982 3486 eorum
998 3426 1045 3501 uui
1062 3423 1104 3483 bi·
