2400 3840
141 183 201 247 228
483 195 513 243 c.
530 197 625 244 eumn
642 197 792 245 sncnnnr

140 352 237 412 Attico
254 352 342 413 melle
359 353 429 412 cinis
447 359 476 410 et
490 350 573 429 adips
590 352 694 411 soricis
715 369 778 410 cum
793 352 859 411 stibi
873 352 957 410 tritus
972 350 1139 414 lacrimosis

98 454 128 496 m,
141 456 173 490 ru
199 436 293 496 oculis
315 437 474 514 plurumum
499 434 626 510 confert,
647 434 789 494 -stibis
811 435 878 512 quid
903 435 940 495 sit
956 435 1087 496 dicemus
1109 438 1139 498 fn

138 521 272 580 metallis.
288 555 330 564 —
344 519 482 579 mustelae
496 520 566 579 cinis
579 517 803 595 subfusionibus,
820 522 887 578 item
900 519 1030 578 lacertae
1039 520 1138 598 hirun-

139 603 248 663 dinisve
269 603 437 678 cerebrum,
463 613 565 662 coctae
586 604 670 662 tritae
690 603 777 663 fronti
793 603 891 662 inlitae
908 600 1067 681 epiphoras
1091 623 1138 666 se·

97 687 430 766 119·dantsiveperse
452 687 514 745 sire
542 704 605 746 cum
627 686 736 764 polline
757 688 819 746 sive
842 704 905 746 curn
933 694 1006 745 tura.
1044 688 1090 747 sic
1107 699 1163 754 ets

139 772 249 847 solatis,
265 772 292 831 id
310 779 355 830 est
368 769 433 829 sole
449 772 607 847 correptis,
622 778 751 847 prosunt.
772 771 854 829 viras
872 786 988 848 quoque
1004 788 1138 834 cremare

139 865 168 915 et
182 856 280 914 cinere
290 871 386 913 earum
399 870 463 912 cum
474 853 561 912 melle
572 851 687 913 Cretico
697 854 855 930 inunguere
865 853 1005 930 caligines
1016 855 1136 916 utilissi-

137 956 212 997 mum
225 947 280 1011 est,
295 937 339 996 vel
355 940 544 996 iumentorum
556 936 648 996 oculis
660 937 823 997 membrana
834 935 944 1015 aspidis
954 946 1042 999 exuta
1054 956 1136 1017 vere,

140 1039 203 1080 cum
220 1021 304 1098 adipe
319 1020 448 1080 eiusdem
464 1021 622 1080 claritatem
638 1021 760 1079 inunctis
776 1021 855 1080 facit.
884 1022 1023 1099 Viperam
1039 1024 1135 1084 viram

137 1108 165 1164 in
188 1105 270 1163 fictili
296 1120 373 1164 novo
397 1104 569 1164 comburere
590 1103 685 1163 addito
708 1103 825 1163 feniculi
845 1120 916 1163 suco
941 1104 976 1165 ad
1000 1107 1167 1180 cyathumm

138 1206 221 1248 unum
243 1197 272 1248 et
288 1190 358 1248 turis
373 1206 473 1250 manna
493 1205 563 1263 una,
580 1197 666 1265 atque
681 1188 718 1247 ita
738 1186 922 1248 subfusiones
938 1189 1092 1251 oculorum
1106 1201 1135 1252 et

137 1271 279 1350 caligines
290 1273 449 1350 inunguere
461 1273 642 1333 utilissimum
655 1280 709 1329 est.
730 1270 966 1332 medicamentum
977 1273 1006 1332 id
1018 1274 1135 1335 ecbeou

94 1368 146 1422 120
157 1366 287 1417 vocatur.
316 1355 362 1416 Fit
379 1365 408 1417 et
426 1357 576 1430 collyrium
592 1357 724 1432 eripere
740 1355 769 1414 iu
787 1355 844 1416 olla
855 1355 1017 1434 putrefacta
1029 1360 1133 1418 vermi-

137 1441 269 1519 culisque
291 1441 383 1500 enatis
401 1459 464 1501 cum
487 1456 577 1501 croco
594 1440 678 1498 tritis.
711 1439 839 1498 exuritur
853 1440 881 1498 in
903 1438 962 1500 olla
984 1456 1049 1501 cnm
1072 1445 1133 1503 sale

136 1543 221 1604 quem
236 1524 372 1602 lingendo
390 1524 548 1584 claritatem
564 1523 714 1583 oculorum
729 1532 923 1582 consecuntur
941 1532 970 1583 et
991 1527 1163 1586 stomaclrirs

134 1610 282 1685 totiusque
307 1608 442 1686 corporis
462 1607 705 1686 tempestivitatis.
741 1606 788 1666 hic
809 1607 853 1666 sal
877 1615 907 1666 et
924 1608 1028 1685 pecori
1051 1610 1133 1670 datur

134 1690 309 1751 salubritatis
333 1708 419 1749 eausa
441 1699 470 1750 et
492 1691 520 1750 in
541 1688 696 1750 antidotum
720 1699 819 1750 contra
844 1691 988 1768 serpentis
1009 1691 1131 1754 additur.

93 1785 144 1838 121
156 1773 269 1852 quidam
292 1781 321 1832 et
339 1774 375 1832 ad
393 1773 450 1832 coli
470 1774 567 1832 vitium
585 1774 694 1850 viperis
712 1782 826 1833 utuntur
843 1775 872 1833 iu
887 1774 969 1834 cibis.
1012 1778 1133 1855 primum
1161 1848 1164 1853 ,

134 1858 261 1917 omnium
274 1857 371 1916 occisa
386 1858 479 1916 statim
492 1856 582 1916 salem
596 1858 625 1915 in
637 1873 671 1916 os
681 1855 746 1916 addi
758 1856 856 1916 iubent
868 1857 964 1917 donec
977 1858 1132 1938 liquescat,

131 1957 199 2001 mox
215 1948 348 2019 quattuor
362 1940 515 2017 digitorum
524 1959 658 2000 mensura
671 1942 958 2019 utrimquepraecisa
975 1944 1163 2023 exemptisst

134 2043 190 2102 que
207 2026 362 2084 interaneis
379 2025 531 2085 discocunt
545 2025 573 2083 in
588 2042 662 2103 aqua
677 2024 756 2097 oleo,
772 2024 846 2100 sale,
861 2035 956 2101 aneto,
976 2035 1025 2087 ant
1036 2026 1132 2087 statim

133 2116 289 2167 vescuntur
304 2117 352 2167 aut
365 2125 440 2186 pauc
457 2109 608 2184 colligunt,
624 2116 655 2166 ut
669 2109 784 2185 saepius
800 2116 922 2168 utantur.
951 2107 999 2168 lus
1012 2120 1132 2187 praeter

131 2208 220 2268 supra
247 2189 323 2249 dicta
348 2190 500 2268 pediculos
524 2199 618 2251 etoto
647 2207 771 2269 corpore
798 2191 920 2270 expellit
944 2194 1131 2272 pruritusque

134 2275 220 2332 etiam
235 2290 360 2332 summae
376 2275 458 2332 cutis.
495 2273 620 2334 ostendit
636 2274 770 2333 effectum
790 2284 819 2335 et
841 2293 896 2354 per
911 2293 945 2334 se
962 2277 1066 2354 capitis
1089 2278 1130 2336 ri·

84 2372 86 2377 ·
135 2357 229 2434 periui
246 2355 326 2416 cinis.
358 2356 506 2417 utilissime
525 2357 627 2418 oculos
643 2359 787 2434 inunguit,
803 2359 929 2437 itemque
946 2358 1030 2437 adips
1045 2362 1163 2439 ripe-rt

91 2449 141 2502 122
153 2441 242 2500 rinus.
278 2438 324 2500 De
340 2440 411 2500 felle
434 2457 491 2500 non
514 2442 661 2503 audaciter
683 2443 824 2503 suaserim
844 2461 919 2521 quae
934 2443 1129 2520 praecipiunt,

91 2542 162 2583 uma
181 2525 324 2603 quoniam,
341 2532 372 2584 ut
387 2541 439 2582 suo
455 2525 521 2584 loco
535 2526 699 2601 docuimus,
723 2542 780 2584 non
796 2525 872 2585 aliud
890 2534 936 2586 cst
951 2527 1129 2604 serpentium

130 2626 281 2668 venenum.
319 2610 450 2685 anguium
473 2610 554 2688 adips
576 2609 704 2686 aerugini
723 2609 827 2669 mixtus
855 2618 956 2687 ruptas
977 2610 1129 2671 oculorum

132 2693 223 2769 partis
246 2701 341 2767 sanat,
365 2701 394 2751 et
416 2691 578 2752 membrana
596 2694 658 2751 sive
679 2701 815 2752 senectus
834 2692 1005 2752 vernatione
1027 2711 1128 2755 eorum

133 2783 219 2836 exuta
234 2776 259 2834 si
271 2774 438 2850 adfricetur,
456 2775 615 2836 claritatem
628 2776 707 2835 facit.
739 2776 814 2836 boae
829 2793 946 2856 quoque
959 2777 1000 2836 fel
1013 2777 1160 2855 praedi-at

133 2866 213 2918 catur
227 2857 263 2918 ad
279 2857 442 2935 albugines,
459 2858 655 2935 subfusiones,
672 2859 822 2936 caligines,
841 2859 925 2938 adips
944 2861 1079 2921 similiter
1091 2860 1128 2922 ad

91 2951 141 3007 123
152 2941 320 3002 claritatem.
358 2942 484 3022 Aquilae
506 2960 590 3022 quam
616 2941 736 3002 diximus
756 2944 852 3021 pullos
875 2943 910 3003 ad
933 2944 1128 3006 contuendum

96 3024 124 3067 ¹⁰·
139 3024 162 3059 ¹⁰
179 3025 272 3086 solem
293 3027 421 3104 experiri
442 3026 513 3085 felle
534 3027 623 3085 mixto
647 3043 710 3086 cum
729 3027 816 3088 melle
832 3028 931 3088 Attico
952 3028 1129 3106 inunguntur

130 3109 290 3171 nubeculae
308 3119 337 3170 et
359 3109 548 3186 caligationes
569 3109 812 3189 subfusionesque
832 3111 992 3172 oculorum.
1023 3112 1126 3173 eadem

129 3193 174 3252 ris
190 3201 235 3252 est
251 3202 280 3253 et
295 3196 323 3254 iu
338 3194 487 3254 vulturino
502 3192 573 3252 felle
591 3211 653 3253 cum
669 3195 749 3272 porri
762 3211 834 3255 suco
851 3205 880 3255 et
896 3194 982 3256 melle
1003 3197 1124 3273 exiguo,
1134 3216 1157 3260 ss

127 3276 194 3336 item
212 3278 241 3336 in
262 3277 418 3354 gallinacei
438 3275 509 3336 felle
525 3275 562 3337 ad
585 3294 701 3354 argema
720 3287 749 3338 et
768 3278 920 3356 albugines
931 3297 968 3339 es
986 3296 1061 3357 aqna
1082 3279 1124 3340 di·

129 3358 284 3438 luto„item
298 3362 327 3420 in
342 3359 527 3421 subfusiones
543 3361 703 3437 oculorum,
721 3380 852 3422 maxume
871 3362 984 3423 candidi
999 3362 1123 3439 gallina·

129 3444 184 3504 cei.
206 3445 301 3504 fimum
316 3461 431 3523 quoque
440 3443 677 3523 gallinaceorum,
689 3445 832 3513 dumtaxat
842 3445 968 3524 rubrum,
984 3445 1123 3508 lusciosis
