2400 3840
120 169 179 244 122
471 193 501 240 o.
517 157 778 241 rmsr'sscuunr
821 233 826 245 .

117 366 236 427 remque
260 357 288 409 et
310 357 437 408 tumores
468 346 572 407 tollunt
599 362 698 406 semen
718 345 824 424 psylli,
852 344 924 404 folia
943 344 1117 422 plantaginis

117 434 198 508 trita,
219 432 281 493 sale
297 432 411 494 modice
432 430 547 508 addito,
562 428 696 498 verbasci
710 447 811 489 semen
828 447 866 488 ex
882 429 950 487 vino
965 427 1118 489 decoctum

116 517 227 591 tritum,
254 519 348 576 cicuta
375 533 438 574 cum
460 515 595 591 axungia.
634 513 706 573 folia
732 512 882 590 ephemeri
904 511 1053 572 tuberibus
1073 521 1117 572 tu·

118 599 306 679 moribusque
322 600 475 658 inlinuntur
491 615 565 675 quac
583 599 725 657 etiamtum
744 596 848 656 discuti
863 603 994 674 possunt.

75 681 129 750 123
186 683 270 763 (76.)
293 681 425 742 Morbum
439 681 550 758 regium
563 682 593 739 in
609 681 702 740 oculis
718 682 876 759 praecipue
891 680 988 739 mirari
1006 688 1063 755 est,
1076 688 1143 739 tos

117 767 254 826 nuitatem
278 767 363 826 etiam
380 765 462 832 ⁸illane
483 765 711 841 densitatemque
738 763 925 824 tunicularum
953 762 1025 823 felle
1050 762 1118 822 sub·

120 860 216 910 eunte.
238 849 434 926 Hippocrates
446 865 463 907 a
474 857 608 925 septumo
625 847 672 908 die
683 850 711 906 in
724 846 800 907 febri
812 847 990 906 mortiferum
1006 847 1119 923 signum

119 951 187 993 esse
209 933 287 992 dicit.
323 949 378 992 uos
394 933 502 990 scimus
519 933 629 992 vixisse
645 931 758 1010 aliquos
773 931 859 990 etiam
885 929 921 989 ab
942 929 997 990 hac
1012 929 1119 1009 despe-

118 1018 240 1076 ratione.
278 1016 308 1085 fit
338 1031 409 1074 vero
434 1023 463 1074 ct
486 1015 556 1074 citra
583 1014 674 1075 febris
702 1022 941 1092 expugnaturque
968 1015 1119 1073 centaurio

82 1120 113 1164 ss.
124 1119 148 1155 ss
159 1100 269 1158 maiore
293 1107 323 1158 ut
345 1098 466 1158 diximus
488 1108 574 1177 poto,
598 1099 768 1174 Vettonica,
792 1099 900 1174 agarici
915 1095 1011 1157 obolis
1026 1097 1154 1157 tribusto

121 1201 159 1244 ex
175 1183 233 1241 vini
251 1183 360 1242 veteris
377 1182 500 1257 cyatho,
522 1184 590 1242 item
614 1181 797 1242 verbenacae
819 1182 891 1242 folio
914 1179 1010 1240 obolis
1027 1180 1120 1240 tribus

76 1277 130 1335 124
142 1285 179 1326 cx
195 1267 252 1326 vini
269 1266 353 1327 calidi
374 1266 488 1327 hemina
505 1265 667 1344 quatriduo.
692 1265 745 1325 scd
761 1264 915 1325 celerrime
937 1262 1120 1342 quinquefoli

118 1368 206 1410 sucus
230 1350 360 1411 medetur
380 1349 472 1410 tribus
489 1348 600 1424 cyathis
619 1357 705 1427 potus
727 1366 790 1408 cum
804 1348 867 1407 sule
888 1355 918 1407 et
934 1345 1031 1407 melle.
1069 1360 1119 1423 cy·

120 1435 233 1495 clamiui
248 1434 332 1495 radix
347 1433 491 1494 drachmis
505 1432 595 1493 tribus
611 1432 715 1492 bibitur
731 1433 761 1490 iu
777 1432 844 1492 loco
862 1430 956 1491 calido
969 1439 1001 1490 et
1020 1449 1119 1509 aper·

116 1517 298 1579 frictionibus
319 1526 397 1591 tuto,
424 1551 468 1565 -
492 1516 615 1577 sudores
636 1518 709 1576 enim
728 1514 836 1575 felleos
858 1523 970 1591 movet,
983 1546 1027 1561 --
1040 1514 1113 1575 folia
1123 1528 1149 1568 1⁵

118 1601 297 1676 tussilaginis
319 1619 357 1659 ex
374 1618 468 1677 aqua,
493 1617 592 1659 semen
613 1598 765 1658 linozostis
787 1601 935 1677 utriusque
952 1600 1118 1675 inspersum

120 1685 231 1762 potioni
246 1684 293 1743 vel
307 1701 371 1745 cum
385 1681 529 1742 absinthio
545 1692 593 1741 aut
609 1685 707 1743 cinere
723 1681 890 1758 decoctum,
905 1681 1010 1760 hysopi
1025 1681 1119 1741 bacae

121 1784 184 1826 cum
200 1783 273 1843 aqua
289 1774 392 1844 potae,
407 1764 504 1824 lichen
519 1764 621 1842 herba,
637 1766 671 1842 si,
688 1784 751 1826 curn
766 1766 893 1841 sumitur,
915 1773 1016 1825 cetero
1035 1765 1119 1824 olere

121 1850 307 1924 abstineatur,
324 1848 472 1927 polythrix
488 1850 517 1909 in
533 1851 600 1909 vino
616 1849 692 1925 data,
710 1850 852 1909 struthion
866 1851 896 1908 in
907 1848 1012 1908 mulso.

77 1943 128 1998 125
165 1933 271 2012 (77.)
295 1932 404 1993 Passim
428 1941 456 1993 et
483 1935 511 1992 in
537 1947 715 2012 quacumque
738 1942 819 2011 parte
845 1932 898 1992 sed
921 1949 1052 1991 maxume
1076 1933 1155 1990 iri-ro

121 2017 271 2077 commoda
286 2026 440 2079 nascuntur
459 2018 506 2095 qui
525 2016 667 2077 furunculi
689 2023 846 2092 vocantur,
867 2014 1046 2074 mortiferum
1067 2013 1118 2074 ali·

121 2101 234 2179 quando
257 2101 361 2161 malum
384 2101 526 2161 confectis
548 2098 730 2178 corporibus.
767 2098 895 2158 remedio
921 2106 987 2157 sunt
1007 2115 1118 2176 pyono÷

120 2187 197 2245 comi
212 2184 283 2243 folia
299 2185 365 2243 trita
378 2201 441 2244 cum
460 2182 589 2260 polenta,
611 2184 637 2242 si
652 2182 777 2241 nondum
793 2189 878 2260 caput
893 2181 1027 2241 fecerint.
1059 2180 1117 2240 dis·

121 2269 230 2327 cutiunt
248 2274 277 2324 et
291 2266 363 2325 folia
378 2264 500 2343 ephedri
515 2265 604 2324 inlita.

80 2359 132 2414 126
188 2349 272 2428 (78.)
295 2347 423 2408 Fistulae
441 2364 556 2426 quoque
575 2348 691 2406 inomni
705 2357 788 2424 parto
805 2357 924 2426 serpunt
940 2347 1154 2408 medicorumss

122 2434 193 2492 vitio
210 2432 284 2491 male
308 2432 396 2491 sectis
415 2430 598 2508 corporibus.
632 2430 738 2491 auxilio
764 2441 810 2491 est
826 2433 1003 2491 centaurium
1025 2432 1118 2490 minus

122 2517 253 2592 collyriis
270 2533 333 2575 cum
355 2514 442 2574 melle
457 2514 582 2574 decocto
598 2514 717 2588 additis,
740 2516 915 2593 plantaginis
936 2533 1023 2574 sucus
1044 2514 1117 2573 infu-

121 2620 181 2676 sus,
197 2597 425 2679 quinquefolium
437 2615 501 2657 cum
515 2597 578 2658 sale
593 2608 622 2657 et
636 2598 736 2676 melle,
750 2598 881 2659 ladanum
893 2616 957 2657 cum
969 2606 1117 2670 castoreo,

122 2683 279 2758 cotyledon
294 2701 358 2741 oum
369 2679 494 2741 medulla
509 2685 625 2742 cervina
638 2682 784 2742 calefacta
796 2690 824 2740 et
836 2682 969 2759 inposita,
983 2680 1118 2742 verbasci

121 2767 229 2827 radicis
244 2764 369 2825 medulla
388 2765 492 2840 collyri
511 2767 648 2825 tenuitate
666 2767 695 2824 iu
715 2766 837 2826 fistulam
863 2763 974 2825 additur
993 2764 1042 2824 vel
1063 2765 1154 2824 ari-ao

122 2849 285 2909 stolochiae
302 2848 385 2907 radix
399 2848 447 2907 vel
462 2867 548 2908 sucus
565 2848 713 2924 tithymali.

80 2942 131 2998 127
195 2932 280 3011 (79.)
305 2930 504 2992 collectiones
518 2933 811 3010 inflammationesque
823 2940 923 2991 sanant
931 2931 1117 3007 argemoniae

122 3016 192 3077 folia
219 3015 315 3090 inlita,
348 3014 465 3075 duritias
494 3025 523 3075 et
547 3015 738 3076 collectiones
765 3017 856 3074 omnis
876 3013 1041 3074 verbenaca
1068 3013 1117 3074 vel

123 3098 349 3178 quinquefolium
366 3099 517 3161 decoctum
539 3102 566 3158 in
587 3107 686 3173 aceto,
712 3098 847 3158 verbasci
865 3098 937 3158 folia
955 3098 1003 3157 vel
1023 3096 1115 3173 radix,

122 3184 264 3260 hysopum
288 3185 385 3243 eviuo
403 3185 573 3262 inpositum,
596 3181 676 3243 acori
690 3180 773 3241 radix
787 3182 913 3242 decocto
929 3182 993 3241 eius
1013 3182 1154 3241 loven-es

123 3267 209 3341 tibus,
225 3267 354 3344 aizoum,
381 3269 549 3344 itemquae
570 3274 709 3325 contunsa
723 3267 779 3324 sint
794 3265 972 3342 duritiasque
989 3273 1018 3323 et
1037 3266 1116 3323 sinus

81 3361 133 3415 128
145 3351 277 3426 corporis
297 3350 456 3411 inlecebra.
493 3349 593 3409 Omnia
613 3349 700 3408 infixa
725 3348 844 3426 corpori
865 3346 1018 3407 extrahunt
1044 3347 1117 3407 folia

93 3508 96 3512 Ι
123 3432 314 3512 tussilaginis,
338 3435 475 3510 daucum,
498 3450 598 3504 semen
611 3431 780 3512 leontopodi
794 3431 888 3490 tritum
907 3433 936 3489 in
956 3447 1031 3508 aqua
1052 3447 1117 3490 oum
