2400 3840
331 208 411 255 nun.
427 206 519 255 nisu.
534 206 618 255 xxx.
634 202 720 256 t-t.
739 194 856 273 (6-9.)
1028 193 1089 262 237

97 361 228 422 dentibus
244 362 374 421 decoctis
385 362 415 421 in
427 362 494 420 vino
512 359 547 419 ad
563 359 691 420 dimidias
707 362 807 438 partis.
829 359 899 420 cinis
911 376 1088 440 eorumpuc·

96 462 147 505 ros
163 445 243 506 tarde
261 445 415 505 dentientis
433 444 546 504 adiuvat
571 461 633 503 cnm
648 444 745 504 melle.
780 445 811 504 lit
831 443 934 503 eodem
956 445 1042 505 modo
1061 454 1089 504 et

94 529 297 589 dentifricium.
332 530 410 588 cavis
426 526 558 588 dentibus
575 529 645 587 cinis
660 546 677 586 e
693 528 802 588 murino
818 527 883 586 limo
900 527 1019 604 inditur,
1043 526 1090 587 vel

96 615 177 671 iecur
191 611 361 673 lacertarum
377 612 494 672 aridum.
524 612 675 688 anguinum
697 613 788 670 corsi
811 609 976 670 mordeatur
990 610 1088 686 adalli-

69 704 219 771 sgeturve
246 695 352 755 ellicax
374 695 505 755 habetur.
538 703 602 753 sunt
622 696 696 754 inter
722 711 774 754 eos
798 695 846 773 qui
867 710 975 754 murem
995 694 1040 753 bis
1058 695 1085 753 in
1097 703 1131 758 23

95 796 194 836 mense
215 777 332 838 iubeant
352 779 444 838 mandi
467 777 624 836 doloresve
644 780 682 837 ita
698 796 813 838 cavere.
845 795 958 836 vermes
980 779 1088 838 terreni

96 861 211 921 decocti
227 861 255 920 in
266 861 334 923 oleo
345 861 486 941 infusique
498 861 643 921 auriculae
658 862 737 920 cuius
753 881 769 941 q
783 871 865 939 parte
878 861 993 921 doleant
1004 878 1087 939 prae·

95 952 171 1003 stant
192 944 391 1005 levamentum.
427 943 583 1005 eorundem
608 945 678 1004 cinis
702 947 798 1005 exesis
825 944 967 1006 dentibus·
982 945 1113 1005 colutis'

95 1045 133 1086 ex
157 1026 235 1088 facili
258 1028 363 1089 cadere
386 1045 440 1088 eos
464 1029 559 1103 cogit,
586 1029 716 1104 integros
737 1028 861 1088 dolentis
882 1028 978 1089 inlitus
1000 1031 1086 1089 iuvat.

45 1129 86 1171 ,ιο
96 1109 224 1170 comburi
239 1122 332 1172 autem
349 1121 466 1190 oportet
481 1112 509 1168 in
522 1118 609 1170 testo.
643 1120 763 1189 prosunt
780 1120 809 1171 et
825 1130 888 1173 cum
902 1114 975 1173 mori
990 1113 1088 1172 radice

93 1196 122 1252 ln
139 1204 223 1254 aceto
240 1195 347 1254 scillite
370 1195 484 1254 decocti
498 1194 535 1253 ita
552 1202 582 1252 ut
594 1193 743 1253 coluantur
765 1194 876 1256 dentes.
918 1199 943 1256 is
968 1206 1130 1274 quoquest

93 1277 268 1337 vermiculus
289 1279 338 1356 qui
361 1279 390 1335 in
414 1275 503 1337 herba
524 1275 649 1336 Veneris
670 1275 753 1336 labro
775 1277 922 1356 appellata
947 1280 1089 1339 invenitur

96 1361 175 1419 cavis
199 1360 323 1420 dentium
344 1359 447 1418 indltus
470 1361 541 1419 mire
564 1358 693 1437 prodest.
731 1377 796 1420 nam
818 1378 925 1420 urucae
940 1361 1087 1422 brassicae

94 1444 158 1501 eius
179 1452 312 1502 contactu
334 1442 455 1517 cadunt,
478 1461 495 1500 e
516 1442 609 1502 malva
631 1445 748 1502 cimices
770 1442 951 1502 infunduntur
972 1443 1087 1503 auribus

59 1552 86 1593 at
96 1543 159 1586 cum
174 1539 308 1585 rosaceo.
333 1526 489 1586 harenulae
505 1544 579 1604 quae
589 1527 769 1585 inveniuntur
783 1528 811 1585 in
822 1525 958 1586 cornibus
971 1527 1087 1588 coclea·

94 1628 156 1669 rum
171 1610 250 1668 cavis
267 1609 392 1669 dentium
407 1608 512 1668 inditae
530 1611 623 1669 statim
639 1609 762 1670 liberant
778 1609 891 1670 dolore.
922 1611 1087 1671 coclearum

95 1695 218 1752 inanium
233 1693 305 1752 cinis
321 1711 383 1753 cum
398 1708 492 1752 murra
507 1693 632 1770 gingivis
650 1693 778 1772 prodest,
793 1694 938 1772 serpentis
952 1712 1014 1755 cum
1025 1695 1087 1756 sale

94 1778 123 1835 in
137 1776 196 1836 olla
216 1785 336 1836 exustae
354 1777 425 1836 cinis
442 1794 505 1837 cum
522 1793 646 1837 rosaceo
661 1779 689 1837 in
705 1779 875 1837 contrariam
897 1796 995 1838 aurem
1015 1779 1086 1837 inlu·

94 1877 154 1936 sus,
171 1861 311 1936 anguinae
326 1860 501 1920 vernationis
516 1859 678 1921 membrana
694 1877 756 1920 crum
773 1861 840 1921 oleo
861 1861 1022 1939 taedaeque
1041 1878 1086 1920 re·

57 1945 153 2006 sosine
176 1943 317 2003 caleiacta
339 1952 368 2002 et
388 1943 450 2002 auri
475 1943 605 2002 alterutri
632 1944 734 2003 inlusa.
774 1943 898 2003 adiciunt
918 1944 1006 2021 aliqui
1027 1952 1082 2017 tus,
1095 1952 1128 2006 25

92 2042 260 2100 rosaceum,
287 2026 388 2085 eadem
412 2026 492 2085 cavis
507 2026 596 2085 indita
617 2034 647 2084 nt
663 2027 724 2084 sine
736 2025 869 2085 molestia
886 2025 989 2085 cadant
1004 2043 1087 2103 prae-

92 2117 176 2169 stant.
207 2126 309 2168 vanum
326 2107 451 2168 arbitror
473 2125 540 2167 esse
563 2109 640 2167 circa
657 2109 735 2167 canis
757 2116 850 2167 crtum
869 2108 970 2183 anguis
990 2107 1085 2167 candi·

93 2191 146 2250 dos
160 2189 352 2252 membranam
376 2208 439 2250 eam
461 2208 587 2267 exuere,
609 2191 742 2268 quoniam
767 2208 823 2250 nec
840 2192 867 2251 iu
887 2189 968 2251 ltalia
994 2191 1086 2250 visum

86 2283 139 2333 est
157 2274 306 2352 multoque
327 2274 419 2334 minus
441 2273 582 2334 credibile
602 2274 631 2332 io
645 2273 750 2353 tepidis
772 2274 924 2351 regionum
943 2282 999 2335 tam
1017 2292 1085 2335 sero

57 2375 83 2416 rc
94 2360 170 2421 exui.
199 2357 273 2437 hanc
287 2366 381 2418 autem
396 2357 445 2417 vel
463 2359 650 2418 inveteratam
672 2374 736 2417 cum
752 2374 819 2417 cera
838 2358 991 2418 celerrIme
1007 2358 1085 2418 evel-

92 2441 155 2501 lere
177 2439 305 2515 tradunt‚
336 2450 365 2499 et
390 2440 461 2500 dens
483 2441 617 2516 anguium
639 2438 811 2515 adalligatus
826 2439 945 2500 dolores
964 2442 1084 2517 mitigat.

93 2531 158 2582 sunt
173 2524 220 2599 qui
239 2531 269 2582 et
287 2540 421 2582 araneum
440 2523 542 2583 animal
562 2523 655 2600 ipsum
671 2523 784 2582 sinistra
802 2540 884 2582 mauu
906 2532 1019 2601 captum
1034 2525 1081 2582 tri·
1094 2535 1127 2590 26

92 2615 206 2681 tumque
221 2605 250 2662 in
264 2621 388 2668 rosaceo
404 2613 433 2665 et
455 2606 483 2663 in
498 2621 595 2663 aurem
615 2603 737 2666 infusum
753 2607 834 2664 cuius
855 2614 968 2682 aparte
988 2605 1086 2665 doleat

95 2686 235 2766 prodesse
250 2686 432 2747 arbitrentur.
474 2687 593 2747 ossiculi
608 2686 777 2763 gallinarum
795 2688 823 2746 in
843 2689 955 2765 pariete
978 2689 1085 2748 servati

54 2769 186 2830 solistula
206 2770 286 2830 salva
307 2778 383 2831 tacto
401 2771 486 2830 dente
511 2769 558 2829 vel
577 2770 694 2847 gingiva
714 2770 876 2848 scariphata
894 2771 1084 2850 proiectoque

92 2852 220 2914 ossiculo
242 2854 336 2913 statim
356 2854 486 2914 dolorem
506 2852 586 2913 abire
607 2854 736 2929 tradunt,
757 2856 824 2914 item
839 2854 905 2916 limo
923 2857 1004 2916 corvi
1019 2856 1084 2916 lana

91 2936 249 3013 adalligato
267 2937 314 2996 vel
332 2955 481 3015 passerum
497 2956 560 2998 cum
572 2937 640 2998 oleo
656 2937 799 2998 calefacto
818 2946 847 2997 et
863 2956 1019 3016 proxumae
1033 2957 1082 2999 au·

90 3020 199 3080 riculae
217 3020 326 3097 inluso,
348 3023 485 3101 pruritum
508 3019 621 3100 quidem
643 3019 853 3082 intolerabilem
872 3021 941 3082 iacit
964 3030 993 3082 et
1016 3022 1083 3082 ideo

91 3103 187 3164 utilius
208 3113 253 3164 est
273 3107 401 3184 passeris
422 3107 565 3185 pullorum
585 3107 734 3167 sarmentis
750 3113 940 3165 crematorum
957 3106 1083 3164 cinerem

55 3200 129 3248 aser
147 3198 233 3249 aceto
251 3189 396 3251 iniricare.

152 3274 182 3332 4.
202 3273 265 3352 (9.)
288 3272 352 3333 Oris
369 3291 505 3352 saporem
523 3271 704 3334 conmendari
726 3214 893 3346 adfirmant,
913 3270 1023 3330 murino
1041 3270 1081 3330 ci·
1091 3279 1124 3336 ut

89 3373 161 3414 nere
179 3374 242 3415 cum
255 3356 341 3417 melle
358 3359 382 3417 si
398 3357 536 3417 iriceutur
551 3357 661 3417 dentes.
687 3354 846 3414 admiscent
864 3354 976 3432 quidam
991 3371 1082 3413 mara·

90 3439 126 3497 tri
141 3437 264 3498 radices.
295 3441 379 3517 pinna
397 3439 518 3499 volturis
533 3440 558 3499 si
572 3438 737 3515 scalpantur
750 3436 867 3514 dentes,
884 3437 997 3497 acidum
1011 3436 1086 3496 luali-
