<?xml version="1.0" encoding="UTF-8"?>
<!DOCTYPE html PUBLIC "-//W3C//DTD XHTML 1.0 Transitional//EN"
    "http://www.w3.org/TR/xhtml1/DTD/xhtml1-transitional.dtd">
<html xmlns="http://www.w3.org/1999/xhtml" xml:lang="en" lang="en">
 <head>
  <title>
</title>
<meta http-equiv="Content-Type" content="text/html;charset=utf-8" />
  <meta name='ocr-system' content='tesseract 3.04.00' />
  <meta name='ocr-capabilities' content='ocr_page ocr_carea ocr_par ocr_line ocrx_word'/>
</head>
<body>
  <div class='ocr_page' id='page_1' title='image "./cplinisecundina06plingoog_0184.png"; bbox 0 0 2400 3840; ppageno 0'>
   <div class='ocr_carea' id='block_1_1' title="bbox 306 210 1059 287">
    <p class='ocr_par' dir='ltr' id='par_1_1' title="bbox 306 210 1059 287">
     <span class='ocr_line' id='line_1_1' title="bbox 306 210 1059 287; baseline 0.009 -19"><span class='ocrx_word' id='word_1_1' title='bbox 306 221 386 268; x_wconf 84' lang='lat' dir='ltr'><strong>nar.</strong></span> <span class='ocrx_word' id='word_1_2' title='bbox 402 219 492 268; x_wconf 80' lang='lat' dir='ltr'><strong>msc.</strong></span> <span class='ocrx_word' id='word_1_3' title='bbox 509 221 606 268; x_wconf 81' lang='lat' dir='ltr'>xxv1.</span> <span class='ocrx_word' id='word_1_4' title='bbox 622 218 649 272; x_wconf 82' lang='lat'><strong>8.</strong></span> <span class='ocrx_word' id='word_1_5' title='bbox 665 210 819 287; x_wconf 73' lang='lat' dir='ltr'><strong>(tc—34.)</strong></span> <span class='ocrx_word' id='word_1_6' title='bbox 1002 211 1059 275; x_wconf 77' lang='lat'><strong>109</strong></span> 
     </span>
    </p>
   </div>
   <div class='ocr_carea' id='block_1_2' title="bbox 38 371 1060 790">
    <p class='ocr_par' dir='ltr' id='par_1_2' title="bbox 62 371 1060 453">
     <span class='ocr_line' id='line_1_2' title="bbox 62 371 1060 453; baseline 0 -17"><span class='ocrx_word' id='word_1_7' title='bbox 62 393 154 452; x_wconf 92' lang='lat' dir='ltr'><strong>suco,</strong></span> <span class='ocrx_word' id='word_1_8' title='bbox 171 375 294 453; x_wconf 78' lang='lat' dir='ltr'><strong>spissat,</strong></span> <span class='ocrx_word' id='word_1_9' title='bbox 319 375 425 452; x_wconf 91' lang='lat' dir='ltr'><strong>siccat,</strong></span> <span class='ocrx_word' id='word_1_10' title='bbox 450 384 479 433; x_wconf 93' lang='lat' dir='ltr'><strong>et</strong></span> <span class='ocrx_word' id='word_1_11' title='bbox 493 374 556 433; x_wconf 85' lang='lat' dir='ltr'><strong>ruia</strong></span> <span class='ocrx_word' id='word_1_12' title='bbox 572 375 664 452; x_wconf 89' lang='lat' dir='ltr'><strong>magis</strong></span> <span class='ocrx_word' id='word_1_13' title='bbox 682 371 826 436; x_wconf 80' lang='lat' dir='ltr'><strong>stomachi</strong></span> <span class='ocrx_word' id='word_1_14' title='bbox 841 374 1060 437; x_wconf 78' lang='lat' dir='ltr'><strong>rheumatismos</strong></span> 
     </span>
    </p>

    <p class='ocr_par' dir='ltr' id='par_1_3' title="bbox 63 457 1059 535">
     <span class='ocr_line' id='line_1_3' title="bbox 63 457 1059 535; baseline -0.002 -14"><span class='ocrx_word' id='word_1_15' title='bbox 63 459 213 532; x_wconf 91' lang='lat' dir='ltr'><strong>emendat,</strong></span> <span class='ocrx_word' id='word_1_16' title='bbox 244 468 313 535; x_wconf 91' lang='lat' dir='ltr'><strong>pota</strong></span> <span class='ocrx_word' id='word_1_17' title='bbox 341 457 432 518; x_wconf 86' lang='lat' dir='ltr'><strong>tribus</strong></span> <span class='ocrx_word' id='word_1_18' title='bbox 459 458 553 519; x_wconf 88' lang='lat' dir='ltr'><strong>obolis</strong></span> <span class='ocrx_word' id='word_1_19' title='bbox 582 460 730 535; x_wconf 83' lang='lat' dir='ltr'><strong>sanguinis</strong></span> <span class='ocrx_word' id='word_1_20' title='bbox 753 461 972 518; x_wconf 80' lang='lat' dir='ltr'><strong>exscreationes</strong></span> <span class='ocrx_word' id='word_1_21' title='bbox 996 478 1059 520; x_wconf 92' lang='lat' dir='ltr'><strong>cum</strong></span> 
     </span>
    </p>

    <p class='ocr_par' dir='ltr' id='par_1_4' title="bbox 63 540 1060 620">
     <span class='ocr_line' id='line_1_4' title="bbox 63 540 1060 620; baseline -0.001 -16"><span class='ocrx_word' id='word_1_22' title='bbox 63 544 176 618; x_wconf 92' lang='lat' dir='ltr'><strong>amylo,</strong></span> <span class='ocrx_word' id='word_1_23' title='bbox 200 540 372 616; x_wconf 76' lang='lat' dir='ltr'><strong>dysinterias</strong></span> <span class='ocrx_word' id='word_1_24' title='bbox 393 551 462 620; x_wconf 93' lang='lat' dir='ltr'><strong>pota</strong></span> <span class='ocrx_word' id='word_1_25' title='bbox 486 551 515 601; x_wconf 95' lang='lat' dir='ltr'><strong>et</strong></span> <span class='ocrx_word' id='word_1_26' title='bbox 529 541 640 617; x_wconf 84' lang='lat' dir='ltr'><strong>inlusa,</strong></span> <span class='ocrx_word' id='word_1_27' title='bbox 664 543 731 601; x_wconf 91' lang='lat' dir='ltr'><strong>item</strong></span> <span class='ocrx_word' id='word_1_28' title='bbox 751 541 916 602; x_wconf 81' lang='lat' dir='ltr'><strong>verbenaca</strong></span> <span class='ocrx_word' id='word_1_29' title='bbox 934 560 972 602; x_wconf 86' lang='lat' dir='ltr'><strong>ex</strong></span> <span class='ocrx_word' id='word_1_30' title='bbox 986 560 1060 620; x_wconf 89' lang='lat' dir='ltr'><strong>aqua</strong></span> 
     </span>
    </p>

    <p class='ocr_par' dir='ltr' id='par_1_5' title="bbox 38 624 1059 790">
     <span class='ocr_line' id='line_1_5' title="bbox 62 624 1059 703; baseline -0.001 -17"><span class='ocrx_word' id='word_1_31' title='bbox 62 629 128 688; x_wconf 89' lang='lat' dir='ltr'><strong>data</strong></span> <span class='ocrx_word' id='word_1_32' title='bbox 158 635 206 685; x_wconf 93' lang='lat' dir='ltr'><strong>aut</strong></span> <span class='ocrx_word' id='word_1_33' title='bbox 231 624 396 685; x_wconf 79' lang='lat' dir='ltr'><strong>carentibus</strong></span> <span class='ocrx_word' id='word_1_34' title='bbox 424 625 499 684; x_wconf 82' lang='lat' dir='ltr'><strong>febri</strong></span> <span class='ocrx_word' id='word_1_35' title='bbox 530 643 567 684; x_wconf 84' lang='lat' dir='ltr'><strong>ex</strong></span> <span class='ocrx_word' id='word_1_36' title='bbox 594 627 661 683; x_wconf 85' lang='lat' dir='ltr'><strong>nino</strong></span> <span class='ocrx_word' id='word_1_37' title='bbox 686 624 827 703; x_wconf 81' lang='lat' dir='ltr'><strong>Amineo,</strong></span> <span class='ocrx_word' id='word_1_38' title='bbox 857 625 1059 687; x_wconf 82' lang='lat' dir='ltr'><strong>cochlearibus</strong></span> 
     </span>
     <span class='ocr_line' id='line_1_6' title="bbox 38 708 639 790; baseline -0.005 -21"><span class='ocrx_word' id='word_1_39' title='bbox 38 713 189 790; x_wconf 82' lang='lat' dir='ltr'><strong>squinque</strong></span> <span class='ocrx_word' id='word_1_40' title='bbox 203 708 308 768; x_wconf 91' lang='lat' dir='ltr'><strong>additis</strong></span> <span class='ocrx_word' id='word_1_41' title='bbox 323 709 351 766; x_wconf 93' lang='lat' dir='ltr'><strong>in</strong></span> <span class='ocrx_word' id='word_1_42' title='bbox 368 708 489 782; x_wconf 77' lang='lat' dir='ltr'><strong>cyathos</strong></span> <span class='ocrx_word' id='word_1_43' title='bbox 504 709 555 767; x_wconf 89' lang='lat' dir='ltr'><strong>tris</strong></span> <span class='ocrx_word' id='word_1_44' title='bbox 570 710 639 767; x_wconf 84' lang='lat' dir='ltr'><strong>vini.</strong></span> 
     </span>
    </p>
   </div>
   <div class='ocr_carea' id='block_1_3' title="bbox 23 791 1102 3535">
    <p class='ocr_par' dir='ltr' id='par_1_6' title="bbox 61 791 1102 1121">
     <span class='ocr_line' id='line_1_7' title="bbox 127 791 1102 870; baseline 0 -18"><span class='ocrx_word' id='word_1_45' title='bbox 127 791 211 870; x_wconf 79' lang='lat'><strong>(32.)</strong></span> <span class='ocrx_word' id='word_1_46' title='bbox 232 791 325 850; x_wconf 86' lang='lat' dir='ltr'><strong>Laver</strong></span> <span class='ocrx_word' id='word_1_47' title='bbox 343 809 458 870; x_wconf 88' lang='lat' dir='ltr'><strong>quoque</strong></span> <span class='ocrx_word' id='word_1_48' title='bbox 469 810 592 851; x_wconf 89' lang='lat' dir='ltr'><strong>nascens</strong></span> <span class='ocrx_word' id='word_1_49' title='bbox 605 793 632 850; x_wconf 94' lang='lat' dir='ltr'><strong>in</strong></span> <span class='ocrx_word' id='word_1_50' title='bbox 643 793 714 851; x_wconf 84' lang='lat' dir='ltr'><strong>rivis</strong></span> <span class='ocrx_word' id='word_1_51' title='bbox 729 793 842 854; x_wconf 91' lang='lat' dir='ltr'><strong>condita</strong></span> <span class='ocrx_word' id='word_1_52' title='bbox 855 802 884 852; x_wconf 88' lang='lat' dir='ltr'><strong>et</strong></span> <span class='ocrx_word' id='word_1_53' title='bbox 897 800 982 852; x_wconf 89' lang='lat' dir='ltr'><strong>cocta</strong></span> <span class='ocrx_word' id='word_1_54' title='bbox 995 801 1053 853; x_wconf 86' lang='lat' dir='ltr'><strong>tor·</strong></span> <span class='ocrx_word' id='word_1_55' title='bbox 1067 807 1102 859; x_wconf 83' lang='lat'><strong>50</strong></span> 
     </span>
     <span class='ocr_line' id='line_1_8' title="bbox 61 873 1058 953; baseline 0.001 -18"><span class='ocrx_word' id='word_1_56' title='bbox 61 875 184 936; x_wconf 90' lang='lat' dir='ltr'><strong>minibus</strong></span> <span class='ocrx_word' id='word_1_57' title='bbox 195 874 334 951; x_wconf 86' lang='lat' dir='ltr'><strong>medetur,</strong></span> <span class='ocrx_word' id='word_1_58' title='bbox 351 873 435 953; x_wconf 88' lang='lat'>(33.)</span> <span class='ocrx_word' id='word_1_59' title='bbox 452 875 651 952; x_wconf 85' lang='lat' dir='ltr'><strong>potamogiton</strong></span> <span class='ocrx_word' id='word_1_60' title='bbox 664 894 736 936; x_wconf 85' lang='lat' dir='ltr'><strong>vero</strong></span> <span class='ocrx_word' id='word_1_61' title='bbox 748 895 785 937; x_wconf 83' lang='lat' dir='ltr'><strong>ex</strong></span> <span class='ocrx_word' id='word_1_62' title='bbox 797 879 865 936; x_wconf 88' lang='lat' dir='ltr'><strong>vino</strong></span> <span class='ocrx_word' id='word_1_63' title='bbox 878 877 1058 951; x_wconf 76' lang='lat' dir='ltr'><strong>dysintericis</strong></span> 
     </span>
     <span class='ocr_line' id='line_1_9' title="bbox 62 957 1057 1035; baseline -0.001 -16"><span class='ocrx_word' id='word_1_64' title='bbox 62 961 147 1019; x_wconf 92' lang='lat' dir='ltr'><strong>etiam</strong></span> <span class='ocrx_word' id='word_1_65' title='bbox 161 969 190 1018; x_wconf 97' lang='lat' dir='ltr'><strong>et</strong></span> <span class='ocrx_word' id='word_1_66' title='bbox 202 957 352 1033; x_wconf 84' lang='lat' dir='ltr'><strong>coeliacis,</strong></span> <span class='ocrx_word' id='word_1_67' title='bbox 370 958 469 1016; x_wconf 90' lang='lat' dir='ltr'><strong>similis</strong></span> <span class='ocrx_word' id='word_1_68' title='bbox 485 957 568 1018; x_wconf 90' lang='lat' dir='ltr'><strong>betae</strong></span> <span class='ocrx_word' id='word_1_69' title='bbox 582 958 672 1035; x_wconf 87' lang='lat' dir='ltr'><strong>iuliis,</strong></span> <span class='ocrx_word' id='word_1_70' title='bbox 685 960 777 1019; x_wconf 92' lang='lat' dir='ltr'><strong>minor</strong></span> <span class='ocrx_word' id='word_1_71' title='bbox 789 969 895 1020; x_wconf 89' lang='lat' dir='ltr'><strong>tantum</strong></span> <span class='ocrx_word' id='word_1_72' title='bbox 910 959 1057 1019; x_wconf 92' lang='lat' dir='ltr'><strong>hirsutior·</strong></span> 
     </span>
     <span class='ocr_line' id='line_1_10' title="bbox 62 1042 1058 1121; baseline 0.002 -21"><span class='ocrx_word' id='word_1_73' title='bbox 62 1061 129 1121; x_wconf 86' lang='lat' dir='ltr'><strong>que,</strong></span> <span class='ocrx_word' id='word_1_74' title='bbox 141 1042 255 1121; x_wconf 89' lang='lat' dir='ltr'><strong>paulum</strong></span> <span class='ocrx_word' id='word_1_75' title='bbox 270 1059 386 1119; x_wconf 86' lang='lat' dir='ltr'><strong>semper</strong></span> <span class='ocrx_word' id='word_1_76' title='bbox 393 1042 520 1101; x_wconf 89' lang='lat' dir='ltr'><strong>eminens</strong></span> <span class='ocrx_word' id='word_1_77' title='bbox 529 1050 611 1101; x_wconf 87' lang='lat' dir='ltr'><strong>extra</strong></span> <span class='ocrx_word' id='word_1_78' title='bbox 623 1059 733 1120; x_wconf 87' lang='lat' dir='ltr'><strong>aquam.</strong></span> <span class='ocrx_word' id='word_1_79' title='bbox 753 1063 820 1103; x_wconf 94' lang='lat' dir='ltr'><strong>usus</strong></span> <span class='ocrx_word' id='word_1_80' title='bbox 830 1046 858 1102; x_wconf 93' lang='lat' dir='ltr'><strong>in</strong></span> <span class='ocrx_word' id='word_1_81' title='bbox 867 1043 961 1103; x_wconf 85' lang='lat' dir='ltr'><strong>foliis:</strong></span> <span class='ocrx_word' id='word_1_82' title='bbox 975 1044 1058 1102; x_wconf 88' lang='lat' dir='ltr'><strong>relri·</strong></span> 
     </span>
    </p>

    <p class='ocr_par' dir='ltr' id='par_1_7' title="bbox 26 1124 1099 1536">
     <span class='ocr_line' id='line_1_11' title="bbox 26 1124 1058 1203; baseline -0.002 -15"><span class='ocrx_word' id='word_1_83' title='bbox 26 1149 51 1188; x_wconf 85' lang='lat' dir='ltr'><strong>ro</strong></span> <span class='ocrx_word' id='word_1_84' title='bbox 63 1135 178 1203; x_wconf 87' lang='lat' dir='ltr'><strong>gerant,</strong></span> <span class='ocrx_word' id='word_1_85' title='bbox 190 1126 326 1203; x_wconf 91' lang='lat' dir='ltr'><strong>spissant,</strong></span> <span class='ocrx_word' id='word_1_86' title='bbox 342 1125 528 1203; x_wconf 83' lang='lat' dir='ltr'><strong>peculiariter</strong></span> <span class='ocrx_word' id='word_1_87' title='bbox 544 1124 674 1184; x_wconf 89' lang='lat' dir='ltr'><strong>cruribus</strong></span> <span class='ocrx_word' id='word_1_88' title='bbox 688 1127 801 1187; x_wconf 85' lang='lat' dir='ltr'><strong>vitiosis</strong></span> <span class='ocrx_word' id='word_1_89' title='bbox 816 1128 895 1187; x_wconf 90' lang='lat' dir='ltr'><strong>utilia</strong></span> <span class='ocrx_word' id='word_1_90' title='bbox 912 1135 941 1186; x_wconf 92' lang='lat' dir='ltr'><strong>et</strong></span> <span class='ocrx_word' id='word_1_91' title='bbox 959 1136 1058 1186; x_wconf 91' lang='lat' dir='ltr'><strong>contra</strong></span> 
     </span>
     <span class='ocr_line' id='line_1_12' title="bbox 61 1206 1099 1286; baseline 0.004 -18"><span class='ocrx_word' id='word_1_92' title='bbox 61 1210 189 1268; x_wconf 89' lang='lat' dir='ltr'><strong>ulcerum</strong></span> <span class='ocrx_word' id='word_1_93' title='bbox 202 1206 621 1268; x_wconf 81' lang='lat' dir='ltr'><strong>domuscummellevelaceto.</strong></span> <span class='ocrx_word' id='word_1_94' title='bbox 641 1207 744 1269; x_wconf 82' lang='lat' dir='ltr'><strong>Castor</strong></span> <span class='ocrx_word' id='word_1_95' title='bbox 756 1209 828 1270; x_wconf 89' lang='lat' dir='ltr'><strong>hanc</strong></span> <span class='ocrx_word' id='word_1_96' title='bbox 836 1211 1058 1286; x_wconf 84' lang='lat' dir='ltr'><strong>aliternonerat,</strong></span> <span class='ocrx_word' id='word_1_97' title='bbox 1066 1222 1099 1274; x_wconf 82' lang='lat'><strong>51</strong></span> 
     </span>
     <span class='ocr_line' id='line_1_13' title="bbox 60 1290 1055 1371; baseline 0.001 -20"><span class='ocrx_word' id='word_1_98' title='bbox 60 1293 139 1351; x_wconf 91' lang='lat' dir='ltr'><strong>tenui</strong></span> <span class='ocrx_word' id='word_1_99' title='bbox 156 1290 228 1350; x_wconf 82' lang='lat' dir='ltr'><strong>folio</strong></span> <span class='ocrx_word' id='word_1_100' title='bbox 243 1291 323 1350; x_wconf 87' lang='lat' dir='ltr'><strong>velut</strong></span> <span class='ocrx_word' id='word_1_101' title='bbox 339 1293 451 1369; x_wconf 88' lang='lat' dir='ltr'><strong>equinis</strong></span> <span class='ocrx_word' id='word_1_102' title='bbox 466 1293 564 1368; x_wconf 92' lang='lat' dir='ltr'><strong>saetis,</strong></span> <span class='ocrx_word' id='word_1_103' title='bbox 582 1291 682 1366; x_wconf 90' lang='lat' dir='ltr'><strong>thyrso</strong></span> <span class='ocrx_word' id='word_1_104' title='bbox 696 1291 784 1369; x_wconf 90' lang='lat' dir='ltr'><strong>longo</strong></span> <span class='ocrx_word' id='word_1_105' title='bbox 800 1303 828 1353; x_wconf 93' lang='lat' dir='ltr'><strong>et</strong></span> <span class='ocrx_word' id='word_1_106' title='bbox 840 1293 909 1368; x_wconf 86' lang='lat' dir='ltr'><strong>levi,</strong></span> <span class='ocrx_word' id='word_1_107' title='bbox 924 1295 953 1352; x_wconf 90' lang='lat' dir='ltr'><strong>in</strong></span> <span class='ocrx_word' id='word_1_108' title='bbox 966 1310 1055 1371; x_wconf 90' lang='lat' dir='ltr'><strong>aquo·</strong></span> 
     </span>
     <span class='ocr_line' id='line_1_14' title="bbox 61 1374 1056 1453; baseline 0 -18"><span class='ocrx_word' id='word_1_109' title='bbox 61 1379 101 1435; x_wconf 89' lang='lat' dir='ltr'><strong>sis</strong></span> <span class='ocrx_word' id='word_1_110' title='bbox 117 1383 293 1435; x_wconf 88' lang='lat' dir='ltr'><strong>nascentem.</strong></span> <span class='ocrx_word' id='word_1_111' title='bbox 338 1374 436 1435; x_wconf 87' lang='lat' dir='ltr'><strong>radice</strong></span> <span class='ocrx_word' id='word_1_112' title='bbox 451 1375 570 1434; x_wconf 89' lang='lat' dir='ltr'><strong>sanabat</strong></span> <span class='ocrx_word' id='word_1_113' title='bbox 585 1384 707 1434; x_wconf 88' lang='lat' dir='ltr'><strong>strumas</strong></span> <span class='ocrx_word' id='word_1_114' title='bbox 724 1385 753 1435; x_wconf 91' lang='lat' dir='ltr'><strong>et</strong></span> <span class='ocrx_word' id='word_1_115' title='bbox 769 1377 896 1436; x_wconf 85' lang='lat' dir='ltr'><strong>duritias.</strong></span> <span class='ocrx_word' id='word_1_116' title='bbox 927 1384 1056 1453; x_wconf 91' lang='lat' dir='ltr'><strong>potamo-</strong></span> 
     </span>
     <span class='ocr_line' id='line_1_15' title="bbox 62 1457 1057 1536; baseline -0.001 -18"><span class='ocrx_word' id='word_1_117' title='bbox 62 1461 146 1536; x_wconf 90' lang='lat' dir='ltr'><strong>giton</strong></span> <span class='ocrx_word' id='word_1_118' title='bbox 166 1457 336 1518; x_wconf 88' lang='lat' dir='ltr'><strong>adversatur</strong></span> <span class='ocrx_word' id='word_1_119' title='bbox 358 1458 532 1534; x_wconf 86' lang='lat' dir='ltr'><strong>crocodilis,</strong></span> <span class='ocrx_word' id='word_1_120' title='bbox 556 1460 652 1536; x_wconf 91' lang='lat' dir='ltr'><strong>itaque</strong></span> <span class='ocrx_word' id='word_1_121' title='bbox 675 1477 772 1518; x_wconf 90' lang='lat' dir='ltr'><strong>secum</strong></span> <span class='ocrx_word' id='word_1_122' title='bbox 797 1459 902 1518; x_wconf 92' lang='lat' dir='ltr'><strong>habeut</strong></span> <span class='ocrx_word' id='word_1_123' title='bbox 925 1475 987 1518; x_wconf 89' lang='lat' dir='ltr'><strong>eam</strong></span> <span class='ocrx_word' id='word_1_124' title='bbox 1008 1461 1057 1536; x_wconf 91' lang='lat' dir='ltr'><strong>qui</strong></span> 
     </span>
    </p>

    <p class='ocr_par' dir='ltr' id='par_1_8' title="bbox 25 1538 1058 1707">
     <span class='ocr_line' id='line_1_16' title="bbox 25 1538 1058 1620; baseline 0.001 -20"><span class='ocrx_word' id='word_1_125' title='bbox 25 1571 50 1609; x_wconf 69' lang='lat'><strong>15</strong></span> <span class='ocrx_word' id='word_1_126' title='bbox 62 1550 211 1602; x_wconf 88' lang='lat' dir='ltr'><strong>venantur.</strong></span> <span class='ocrx_word' id='word_1_127' title='bbox 244 1541 340 1602; x_wconf 85' lang='lat' dir='ltr'><strong>alvom</strong></span> <span class='ocrx_word' id='word_1_128' title='bbox 356 1543 430 1603; x_wconf 91' lang='lat' dir='ltr'><strong>sistit</strong></span> <span class='ocrx_word' id='word_1_129' title='bbox 445 1551 474 1601; x_wconf 90' lang='lat' dir='ltr'><strong>et</strong></span> <span class='ocrx_word' id='word_1_130' title='bbox 489 1542 633 1602; x_wconf 81' lang='lat' dir='ltr'><strong>Achillea.</strong></span> <span class='ocrx_word' id='word_1_131' title='bbox 657 1541 774 1601; x_wconf 90' lang='lat' dir='ltr'><strong>eosdem</strong></span> <span class='ocrx_word' id='word_1_132' title='bbox 791 1538 912 1602; x_wconf 82' lang='lat' dir='ltr'><strong>ellectus</strong></span> <span class='ocrx_word' id='word_1_133' title='bbox 930 1550 1058 1620; x_wconf 87' lang='lat' dir='ltr'><strong>praestat</strong></span> 
     </span>
     <span class='ocr_line' id='line_1_17' title="bbox 61 1625 978 1707; baseline -0.003 -22"><span class='ocrx_word' id='word_1_134' title='bbox 61 1637 90 1685; x_wconf 92' lang='lat' dir='ltr'><strong>et</strong></span> <span class='ocrx_word' id='word_1_135' title='bbox 108 1627 221 1700; x_wconf 91' lang='lat' dir='ltr'><strong>statice,</strong></span> <span class='ocrx_word' id='word_1_136' title='bbox 239 1636 349 1704; x_wconf 90' lang='lat' dir='ltr'><strong>septem</strong></span> <span class='ocrx_word' id='word_1_137' title='bbox 366 1625 494 1685; x_wconf 91' lang='lat' dir='ltr'><strong>caulibus</strong></span> <span class='ocrx_word' id='word_1_138' title='bbox 509 1625 598 1685; x_wconf 90' lang='lat' dir='ltr'><strong>veluti</strong></span> <span class='ocrx_word' id='word_1_139' title='bbox 613 1643 699 1685; x_wconf 87' lang='lat' dir='ltr'><strong>rosae</strong></span> <span class='ocrx_word' id='word_1_140' title='bbox 714 1627 809 1707; x_wconf 90' lang='lat' dir='ltr'><strong>capita</strong></span> <span class='ocrx_word' id='word_1_141' title='bbox 826 1626 978 1686; x_wconf 91' lang='lat' dir='ltr'><strong>sustinens.</strong></span> 
     </span>
    </p>

    <p class='ocr_par' dir='ltr' id='par_1_9' title="bbox 62 1708 1098 1954">
     <span class='ocr_line' id='line_1_18' title="bbox 125 1708 1098 1788; baseline -0.003 -17"><span class='ocrx_word' id='word_1_142' title='bbox 125 1709 208 1788; x_wconf 88' lang='grc'>(34.)</span> <span class='ocrx_word' id='word_1_143' title='bbox 230 1708 345 1769; x_wconf 83' lang='lat' dir='ltr'><strong>Ceratis</strong></span> <span class='ocrx_word' id='word_1_144' title='bbox 358 1728 413 1769; x_wconf 93' lang='lat' dir='ltr'><strong>uno</strong></span> <span class='ocrx_word' id='word_1_145' title='bbox 426 1710 510 1784; x_wconf 86' lang='lat' dir='ltr'><strong>folio,</strong></span> <span class='ocrx_word' id='word_1_146' title='bbox 525 1709 624 1768; x_wconf 91' lang='lat' dir='ltr'><strong>radice</strong></span> <span class='ocrx_word' id='word_1_147' title='bbox 641 1708 752 1770; x_wconf 90' lang='lat' dir='ltr'><strong>nodosa</strong></span> <span class='ocrx_word' id='word_1_148' title='bbox 768 1717 797 1769; x_wconf 94' lang='lat' dir='ltr'><strong>et</strong></span> <span class='ocrx_word' id='word_1_149' title='bbox 810 1727 925 1787; x_wconf 90' lang='lat' dir='ltr'><strong>magua,</strong></span> <span class='ocrx_word' id='word_1_150' title='bbox 943 1711 972 1767; x_wconf 93' lang='lat' dir='ltr'><strong>iu</strong></span> <span class='ocrx_word' id='word_1_151' title='bbox 987 1709 1052 1769; x_wconf 91' lang='lat' dir='ltr'><strong>cibo</strong></span> <span class='ocrx_word' id='word_1_152' title='bbox 1064 1720 1098 1774; x_wconf 77' lang='lat'><strong>52</strong></span> 
     </span>
     <span class='ocr_line' id='line_1_19' title="bbox 62 1792 1054 1871; baseline 0 -19"><span class='ocrx_word' id='word_1_153' title='bbox 62 1793 198 1853; x_wconf 86' lang='lat' dir='ltr'><strong>coeliacis</strong></span> <span class='ocrx_word' id='word_1_154' title='bbox 217 1801 246 1851; x_wconf 90' lang='lat' dir='ltr'><strong>et</strong></span> <span class='ocrx_word' id='word_1_155' title='bbox 262 1792 443 1867; x_wconf 76' lang='lat' dir='ltr'><strong>dysintericis</strong></span> <span class='ocrx_word' id='word_1_156' title='bbox 458 1793 596 1854; x_wconf 86' lang='lat' dir='ltr'><strong>medetur.</strong></span> <span class='ocrx_word' id='word_1_157' title='bbox 628 1792 852 1871; x_wconf 79' lang='lat' dir='ltr'><strong>leontopodion</strong></span> <span class='ocrx_word' id='word_1_158' title='bbox 874 1792 923 1852; x_wconf 91' lang='lat' dir='ltr'><strong>alii</strong></span> <span class='ocrx_word' id='word_1_159' title='bbox 938 1793 1054 1852; x_wconf 89' lang='lat' dir='ltr'><strong>leuceo-</strong></span> 
     </span>
     <span class='ocr_line' id='line_1_20' title="bbox 62 1875 1056 1954; baseline -0.001 -19"><span class='ocrx_word' id='word_1_160' title='bbox 62 1894 127 1951; x_wconf 91' lang='lat' dir='ltr'><strong>ron,</strong></span> <span class='ocrx_word' id='word_1_161' title='bbox 145 1876 193 1936; x_wconf 91' lang='lat' dir='ltr'><strong>alii</strong></span> <span class='ocrx_word' id='word_1_162' title='bbox 209 1875 386 1952; x_wconf 89' lang='lat' dir='ltr'><strong>doripetron,</strong></span> <span class='ocrx_word' id='word_1_163' title='bbox 403 1876 449 1935; x_wconf 92' lang='lat' dir='ltr'><strong>alii</strong></span> <span class='ocrx_word' id='word_1_164' title='bbox 465 1875 675 1950; x_wconf 87' lang='lat' dir='ltr'><strong>thorybethron</strong></span> <span class='ocrx_word' id='word_1_165' title='bbox 691 1887 806 1954; x_wconf 87' lang='lat' dir='ltr'><strong>vocant,</strong></span> <span class='ocrx_word' id='word_1_166' title='bbox 826 1877 905 1937; x_wconf 87' lang='lat' dir='ltr'><strong>cuius</strong></span> <span class='ocrx_word' id='word_1_167' title='bbox 918 1875 999 1936; x_wconf 83' lang='lat' dir='ltr'><strong>radix</strong></span> <span class='ocrx_word' id='word_1_168' title='bbox 1015 1876 1056 1935; x_wconf 91' lang='lat' dir='ltr'><strong>al-</strong></span> 
     </span>
    </p>

    <p class='ocr_par' dir='ltr' id='par_1_10' title="bbox 23 1958 1098 3535">
     <span class='ocr_line' id='line_1_21' title="bbox 23 1958 1054 2038; baseline -0.006 -16"><span class='ocrx_word' id='word_1_169' title='bbox 23 1977 129 2022; x_wconf 79' lang='lat' dir='ltr'><strong>rovom</strong></span> <span class='ocrx_word' id='word_1_170' title='bbox 151 1961 225 2018; x_wconf 92' lang='lat' dir='ltr'><strong>sistit</strong></span> <span class='ocrx_word' id='word_1_171' title='bbox 246 1967 406 2038; x_wconf 84' lang='lat' dir='ltr'><strong>purgatque</strong></span> <span class='ocrx_word' id='word_1_172' title='bbox 424 1959 526 2036; x_wconf 90' lang='lat' dir='ltr'><strong>bilem,</strong></span> <span class='ocrx_word' id='word_1_173' title='bbox 550 1961 578 2017; x_wconf 92' lang='lat' dir='ltr'><strong>iu</strong></span> <span class='ocrx_word' id='word_1_174' title='bbox 603 1961 846 2037; x_wconf 82' lang='lat' dir='ltr'><strong>aqoam&#39;mulsam</strong></span> <span class='ocrx_word' id='word_1_175' title='bbox 867 1958 962 2019; x_wconf 86' lang='lat' dir='ltr'><strong>addito</strong></span> <span class='ocrx_word' id='word_1_176' title='bbox 984 1977 1054 2038; x_wconf 91' lang='lat' dir='ltr'><strong>pon·</strong></span> 
     </span>
     <span class='ocr_line' id='line_1_22' title="bbox 62 2042 1056 2122; baseline -0.001 -21"><span class='ocrx_word' id='word_1_177' title='bbox 62 2043 133 2102; x_wconf 91' lang='lat' dir='ltr'><strong>dere</strong></span> <span class='ocrx_word' id='word_1_178' title='bbox 151 2043 333 2102; x_wconf 87' lang='lat' dir='ltr'><strong>denariorum</strong></span> <span class='ocrx_word' id='word_1_179' title='bbox 349 2043 478 2101; x_wconf 90' lang='lat' dir='ltr'><strong>duorum.</strong></span> <span class='ocrx_word' id='word_1_180' title='bbox 524 2043 651 2101; x_wconf 90' lang='lat' dir='ltr'><strong>nascitur</strong></span> <span class='ocrx_word' id='word_1_181' title='bbox 671 2043 699 2100; x_wconf 92' lang='lat' dir='ltr'><strong>iu</strong></span> <span class='ocrx_word' id='word_1_182' title='bbox 721 2045 876 2122; x_wconf 84' lang='lat' dir='ltr'><strong>campestri</strong></span> <span class='ocrx_word' id='word_1_183' title='bbox 905 2051 933 2100; x_wconf 91' lang='lat' dir='ltr'><strong>ct</strong></span> <span class='ocrx_word' id='word_1_184' title='bbox 952 2042 1056 2118; x_wconf 89' lang='lat' dir='ltr'><strong>gracili</strong></span> 
     </span>
     <span class='ocr_line' id='line_1_23' title="bbox 62 2125 1055 2204; baseline -0.002 -20"><span class='ocrx_word' id='word_1_185' title='bbox 62 2127 137 2185; x_wconf 92' lang='lat' dir='ltr'><strong>solo.</strong></span> <span class='ocrx_word' id='word_1_186' title='bbox 183 2143 280 2185; x_wconf 90' lang='lat' dir='ltr'><strong>seruen</strong></span> <span class='ocrx_word' id='word_1_187' title='bbox 302 2127 363 2184; x_wconf 91' lang='lat' dir='ltr'><strong>eius</strong></span> <span class='ocrx_word' id='word_1_188' title='bbox 388 2134 485 2203; x_wconf 91' lang='lat' dir='ltr'><strong>potum</strong></span> <span class='ocrx_word' id='word_1_189' title='bbox 500 2125 673 2204; x_wconf 88' lang='lat' dir='ltr'><strong>lymphatica</strong></span> <span class='ocrx_word' id='word_1_190' title='bbox 691 2129 800 2186; x_wconf 92' lang='lat' dir='ltr'><strong>somnia</strong></span> <span class='ocrx_word' id='word_1_191' title='bbox 822 2127 921 2186; x_wconf 83' lang='lat' dir='ltr'><strong>facere</strong></span> <span class='ocrx_word' id='word_1_192' title='bbox 943 2125 1055 2185; x_wconf 89' lang='lat' dir='ltr'><strong>dicitur.</strong></span> 
     </span>
     <span class='ocr_line' id='line_1_24' title="bbox 60 2208 1097 2288; baseline 0.004 -20"><span class='ocrx_word' id='word_1_193' title='bbox 60 2208 198 2288; x_wconf 89' lang='lat' dir='ltr'><strong>Lagopns</strong></span> <span class='ocrx_word' id='word_1_194' title='bbox 212 2210 286 2268; x_wconf 89' lang='lat' dir='ltr'><strong>sistit</strong></span> <span class='ocrx_word' id='word_1_195' title='bbox 296 2209 392 2268; x_wconf 88' lang='lat' dir='ltr'><strong>alvom</strong></span> <span class='ocrx_word' id='word_1_196' title='bbox 405 2228 420 2268; x_wconf 92' lang='lat' dir='ltr'><strong>e</strong></span> <span class='ocrx_word' id='word_1_197' title='bbox 437 2211 503 2268; x_wconf 88' lang='lat' dir='ltr'><strong>vino</strong></span> <span class='ocrx_word' id='word_1_198' title='bbox 520 2217 588 2286; x_wconf 89' lang='lat' dir='ltr'><strong>pota</strong></span> <span class='ocrx_word' id='word_1_199' title='bbox 604 2217 650 2268; x_wconf 94' lang='lat' dir='ltr'><strong>aut</strong></span> <span class='ocrx_word' id='word_1_200' title='bbox 665 2211 693 2267; x_wconf 89' lang='lat' dir='ltr'><strong>iu</strong></span> <span class='ocrx_word' id='word_1_201' title='bbox 709 2209 784 2270; x_wconf 82' lang='lat' dir='ltr'><strong>febri</strong></span> <span class='ocrx_word' id='word_1_202' title='bbox 797 2227 834 2269; x_wconf 84' lang='lat' dir='ltr'><strong>ex</strong></span> <span class='ocrx_word' id='word_1_203' title='bbox 845 2227 928 2288; x_wconf 92' lang='lat' dir='ltr'><strong>aqua.</strong></span> <span class='ocrx_word' id='word_1_204' title='bbox 950 2208 1051 2268; x_wconf 90' lang='lat' dir='ltr'><strong>eadem</strong></span> <span class='ocrx_word' id='word_1_205' title='bbox 1063 2220 1097 2274; x_wconf 82' lang='lat'><strong>53</strong></span> 
     </span>
     <span class='ocr_line' id='line_1_25' title="bbox 63 2289 1056 2370; baseline 0.001 -20"><span class='ocrx_word' id='word_1_206' title='bbox 63 2293 170 2367; x_wconf 88' lang='lat' dir='ltr'><strong>inguini</strong></span> <span class='ocrx_word' id='word_1_207' title='bbox 187 2289 358 2368; x_wconf 87' lang='lat' dir='ltr'><strong>adalligatur</strong></span> <span class='ocrx_word' id='word_1_208' title='bbox 373 2295 401 2351; x_wconf 91' lang='lat' dir='ltr'><strong>ic</strong></span> <span class='ocrx_word' id='word_1_209' title='bbox 421 2303 542 2352; x_wconf 86' lang='lat' dir='ltr'><strong>tumore.</strong></span> <span class='ocrx_word' id='word_1_210' title='bbox 582 2294 709 2353; x_wconf 88' lang='lat' dir='ltr'><strong>nascitur</strong></span> <span class='ocrx_word' id='word_1_211' title='bbox 730 2295 758 2352; x_wconf 92' lang='lat' dir='ltr'><strong>in</strong></span> <span class='ocrx_word' id='word_1_212' title='bbox 773 2292 933 2370; x_wconf 88' lang='lat' dir='ltr'><strong>segetibus.</strong></span> <span class='ocrx_word' id='word_1_213' title='bbox 976 2292 1056 2352; x_wconf 92' lang='lat' dir='ltr'><strong>multi</strong></span> 
     </span>
     <span class='ocr_line' id='line_1_26' title="bbox 23 2374 1056 2455; baseline 0.002 -23"><span class='ocrx_word' id='word_1_214' title='bbox 23 2392 150 2451; x_wconf 70' lang='lat' dir='ltr'><strong>absuper</strong></span> <span class='ocrx_word' id='word_1_215' title='bbox 164 2377 254 2434; x_wconf 92' lang='lat' dir='ltr'><strong>omnia</strong></span> <span class='ocrx_word' id='word_1_216' title='bbox 270 2374 384 2434; x_wconf 89' lang='lat' dir='ltr'><strong>laudant</strong></span> <span class='ocrx_word' id='word_1_217' title='bbox 395 2375 429 2434; x_wconf 93' lang='lat' dir='ltr'><strong>ad</strong></span> <span class='ocrx_word' id='word_1_218' title='bbox 442 2375 612 2454; x_wconf 89' lang='lat' dir='ltr'><strong>deploratos</strong></span> <span class='ocrx_word' id='word_1_219' title='bbox 624 2375 816 2450; x_wconf 87' lang='lat' dir='ltr'><strong>dysintericos</strong></span> <span class='ocrx_word' id='word_1_220' title='bbox 829 2376 1056 2455; x_wconf 82' lang='lat' dir='ltr'><strong>quinquefolium</strong></span> 
     </span>
     <span class='ocr_line' id='line_1_27' title="bbox 61 2458 1056 2535; baseline -0.002 -17"><span class='ocrx_word' id='word_1_221' title='bbox 61 2459 190 2518; x_wconf 90' lang='lat' dir='ltr'><strong>decoctis</strong></span> <span class='ocrx_word' id='word_1_222' title='bbox 206 2461 235 2517; x_wconf 91' lang='lat' dir='ltr'><strong>in</strong></span> <span class='ocrx_word' id='word_1_223' title='bbox 251 2459 326 2517; x_wconf 89' lang='lat' dir='ltr'><strong>lacte</strong></span> <span class='ocrx_word' id='word_1_224' title='bbox 348 2458 491 2517; x_wconf 88' lang='lat' dir='ltr'><strong>radicibus</strong></span> <span class='ocrx_word' id='word_1_225' title='bbox 513 2458 605 2535; x_wconf 93' lang='lat' dir='ltr'><strong>potis,</strong></span> <span class='ocrx_word' id='word_1_226' title='bbox 633 2468 661 2518; x_wconf 92' lang='lat' dir='ltr'><strong>et</strong></span> <span class='ocrx_word' id='word_1_227' title='bbox 682 2459 896 2519; x_wconf 89' lang='lat' dir='ltr'><strong>aristolochiam</strong></span> <span class='ocrx_word' id='word_1_228' title='bbox 912 2460 1056 2519; x_wconf 84' lang='lat' dir='ltr'><strong>victoriati</strong></span> 
     </span>
     <span class='ocr_line' id='line_1_28' title="bbox 61 2540 1055 2622; baseline -0.001 -21"><span class='ocrx_word' id='word_1_229' title='bbox 61 2541 191 2622; x_wconf 91' lang='lat' dir='ltr'><strong>pondere</strong></span> <span class='ocrx_word' id='word_1_230' title='bbox 206 2543 233 2598; x_wconf 91' lang='lat' dir='ltr'><strong>iu</strong></span> <span class='ocrx_word' id='word_1_231' title='bbox 251 2540 360 2614; x_wconf 88' lang='lat' dir='ltr'><strong>cyathis</strong></span> <span class='ocrx_word' id='word_1_232' title='bbox 377 2541 433 2598; x_wconf 89' lang='lat' dir='ltr'><strong>vini</strong></span> <span class='ocrx_word' id='word_1_233' title='bbox 451 2540 551 2599; x_wconf 88' lang='lat' dir='ltr'><strong>tribus.</strong></span> <span class='ocrx_word' id='word_1_234' title='bbox 598 2558 673 2619; x_wconf 90' lang='lat' dir='ltr'><strong>quae</strong></span> <span class='ocrx_word' id='word_1_235' title='bbox 697 2559 735 2600; x_wconf 83' lang='lat' dir='ltr'><strong>er</strong></span> <span class='ocrx_word' id='word_1_236' title='bbox 757 2560 844 2619; x_wconf 93' lang='lat' dir='ltr'><strong>supra</strong></span> <span class='ocrx_word' id='word_1_237' title='bbox 861 2543 945 2601; x_wconf 87' lang='lat' dir='ltr'><strong>dictis</strong></span> <span class='ocrx_word' id='word_1_238' title='bbox 962 2540 1055 2601; x_wconf 89' lang='lat' dir='ltr'><strong>calida</strong></span> 
     </span>
     <span class='ocr_line' id='line_1_29' title="bbox 60 2621 1098 2701; baseline 0.003 -17"><span class='ocrx_word' id='word_1_239' title='bbox 60 2632 224 2696; x_wconf 86' lang='lat' dir='ltr'><strong>sumentur,</strong></span> <span class='ocrx_word' id='word_1_240' title='bbox 246 2622 318 2681; x_wconf 91' lang='lat' dir='ltr'><strong>haec</strong></span> <span class='ocrx_word' id='word_1_241' title='bbox 334 2621 473 2681; x_wconf 91' lang='lat' dir='ltr'><strong>candente</strong></span> <span class='ocrx_word' id='word_1_242' title='bbox 488 2621 567 2681; x_wconf 84' lang='lat' dir='ltr'><strong>ferro</strong></span> <span class='ocrx_word' id='word_1_243' title='bbox 588 2626 743 2701; x_wconf 89' lang='lat' dir='ltr'><strong>temperari</strong></span> <span class='ocrx_word' id='word_1_244' title='bbox 759 2626 853 2701; x_wconf 90' lang='lat' dir='ltr'><strong>aptius</strong></span> <span class='ocrx_word' id='word_1_245' title='bbox 877 2625 941 2682; x_wconf 89' lang='lat' dir='ltr'><strong>erit.</strong></span> <span class='ocrx_word' id='word_1_246' title='bbox 972 2643 988 2683; x_wconf 91' lang='lat' dir='ltr'><strong>e</strong></span> <span class='ocrx_word' id='word_1_247' title='bbox 1010 2623 1051 2682; x_wconf 94' lang='lat' dir='ltr'><strong>di·</strong></span> <span class='ocrx_word' id='word_1_248' title='bbox 1064 2634 1098 2687; x_wconf 80' lang='lat'><strong>54</strong></span> 
     </span>
     <span class='ocr_line' id='line_1_30' title="bbox 60 2705 1055 2782; baseline -0.002 -15"><span class='ocrx_word' id='word_1_249' title='bbox 60 2723 150 2767; x_wconf 89' lang='lat' dir='ltr'><strong>verso</strong></span> <span class='ocrx_word' id='word_1_250' title='bbox 169 2713 273 2782; x_wconf 88' lang='lat' dir='ltr'><strong>purgat</strong></span> <span class='ocrx_word' id='word_1_251' title='bbox 288 2705 383 2763; x_wconf 89' lang='lat' dir='ltr'><strong>alvom</strong></span> <span class='ocrx_word' id='word_1_252' title='bbox 404 2723 491 2764; x_wconf 90' lang='lat' dir='ltr'><strong>sucus</strong></span> <span class='ocrx_word' id='word_1_253' title='bbox 516 2707 645 2765; x_wconf 91' lang='lat' dir='ltr'><strong>centauri</strong></span> <span class='ocrx_word' id='word_1_254' title='bbox 665 2707 783 2766; x_wconf 91' lang='lat' dir='ltr'><strong>minoris</strong></span> <span class='ocrx_word' id='word_1_255' title='bbox 803 2705 938 2766; x_wconf 90' lang='lat' dir='ltr'><strong>drachma</strong></span> <span class='ocrx_word' id='word_1_256' title='bbox 957 2707 986 2764; x_wconf 92' lang='lat' dir='ltr'><strong>iu</strong></span> <span class='ocrx_word' id='word_1_257' title='bbox 1005 2706 1055 2765; x_wconf 92' lang='lat' dir='ltr'><strong>he·</strong></span> 
     </span>
     <span class='ocr_line' id='line_1_31' title="bbox 23 2788 1055 2868; baseline -0.003 -17"><span class='ocrx_word' id='word_1_258' title='bbox 23 2793 136 2851; x_wconf 85' lang='lat' dir='ltr'><strong>aomina</strong></span> <span class='ocrx_word' id='word_1_259' title='bbox 167 2806 258 2866; x_wconf 88' lang='lat' dir='ltr'><strong>aquae</strong></span> <span class='ocrx_word' id='word_1_260' title='bbox 285 2806 347 2847; x_wconf 90' lang='lat' dir='ltr'><strong>oum</strong></span> <span class='ocrx_word' id='word_1_261' title='bbox 375 2790 480 2865; x_wconf 83' lang='lat' dir='ltr'><strong>exiguo</strong></span> <span class='ocrx_word' id='word_1_262' title='bbox 509 2789 578 2848; x_wconf 91' lang='lat' dir='ltr'><strong>salis</strong></span> <span class='ocrx_word' id='word_1_263' title='bbox 606 2798 634 2848; x_wconf 90' lang='lat' dir='ltr'><strong>et</strong></span> <span class='ocrx_word' id='word_1_264' title='bbox 658 2791 734 2849; x_wconf 89' lang='lat' dir='ltr'><strong>aceti</strong></span> <span class='ocrx_word' id='word_1_265' title='bbox 755 2788 900 2868; x_wconf 89' lang='lat' dir='ltr'><strong>bilemque</strong></span> <span class='ocrx_word' id='word_1_266' title='bbox 922 2788 1055 2865; x_wconf 88' lang='lat' dir='ltr'><strong>detrahit,</strong></span> 
     </span>
     <span class='ocr_line' id='line_1_32' title="bbox 61 2871 1055 2934; baseline -0.001 0"><span class='ocrx_word' id='word_1_267' title='bbox 61 2875 170 2934; x_wconf 91' lang='lat' dir='ltr'><strong>maiore</strong></span> <span class='ocrx_word' id='word_1_268' title='bbox 197 2872 318 2932; x_wconf 90' lang='lat' dir='ltr'><strong>tormina</strong></span> <span class='ocrx_word' id='word_1_269' title='bbox 345 2871 540 2932; x_wconf 90' lang='lat' dir='ltr'><strong>discutiuntur.</strong></span> <span class='ocrx_word' id='word_1_270' title='bbox 578 2871 731 2933; x_wconf 89' lang='lat' dir='ltr'><strong>Vettonica</strong></span> <span class='ocrx_word' id='word_1_271' title='bbox 756 2873 853 2934; x_wconf 85' lang='lat' dir='ltr'><strong>alvom</strong></span> <span class='ocrx_word' id='word_1_272' title='bbox 877 2872 965 2933; x_wconf 90' lang='lat' dir='ltr'><strong>solvit</strong></span> <span class='ocrx_word' id='word_1_273' title='bbox 992 2873 1055 2933; x_wconf 91' lang='lat' dir='ltr'><strong>dra·</strong></span> 
     </span>
     <span class='ocr_line' id='line_1_33' title="bbox 63 2955 1054 3035; baseline -0.001 -17"><span class='ocrx_word' id='word_1_274' title='bbox 63 2956 152 3018; x_wconf 91' lang='lat' dir='ltr'><strong>chmis</strong></span> <span class='ocrx_word' id='word_1_275' title='bbox 169 2965 303 3033; x_wconf 88' lang='lat' dir='ltr'><strong>quattuor</strong></span> <span class='ocrx_word' id='word_1_276' title='bbox 319 2957 347 3014; x_wconf 92' lang='lat' dir='ltr'><strong>iu</strong></span> <span class='ocrx_word' id='word_1_277' title='bbox 362 2955 560 3031; x_wconf 86' lang='lat' dir='ltr'><strong>hydromelitis</strong></span> <span class='ocrx_word' id='word_1_278' title='bbox 577 2956 687 3030; x_wconf 89' lang='lat' dir='ltr'><strong>cyathis</strong></span> <span class='ocrx_word' id='word_1_279' title='bbox 706 2975 821 3034; x_wconf 89' lang='lat' dir='ltr'><strong>novem,</strong></span> <span class='ocrx_word' id='word_1_280' title='bbox 838 2960 905 3017; x_wconf 92' lang='lat' dir='ltr'><strong>item</strong></span> <span class='ocrx_word' id='word_1_281' title='bbox 922 2956 1054 3035; x_wconf 84' lang='lat' dir='ltr'><strong>Euphor·</strong></span> 
     </span>
     <span class='ocr_line' id='line_1_34' title="bbox 61 3038 1054 3120; baseline 0 -21"><span class='ocrx_word' id='word_1_282' title='bbox 61 3041 146 3099; x_wconf 89' lang='lat' dir='ltr'><strong>heum</strong></span> <span class='ocrx_word' id='word_1_283' title='bbox 172 3040 217 3099; x_wconf 88' lang='lat' dir='ltr'><strong>vel</strong></span> <span class='ocrx_word' id='word_1_284' title='bbox 240 3041 384 3116; x_wconf 87' lang='lat' dir='ltr'><strong>agaricum</strong></span> <span class='ocrx_word' id='word_1_285' title='bbox 408 3039 550 3100; x_wconf 90' lang='lat' dir='ltr'><strong>drachmis</strong></span> <span class='ocrx_word' id='word_1_286' title='bbox 572 3038 681 3099; x_wconf 90' lang='lat' dir='ltr'><strong>duabus</strong></span> <span class='ocrx_word' id='word_1_287' title='bbox 702 3059 764 3100; x_wconf 93' lang='lat' dir='ltr'><strong>cum</strong></span> <span class='ocrx_word' id='word_1_288' title='bbox 789 3041 979 3102; x_wconf 89' lang='lat' dir='ltr'><strong>salemodico</strong></span> <span class='ocrx_word' id='word_1_289' title='bbox 1001 3058 1054 3120; x_wconf 90' lang='lat' dir='ltr'><strong>po·</strong></span> 
     </span>
     <span class='ocr_line' id='line_1_35' title="bbox 62 3121 1054 3200; baseline 0 -18"><span class='ocrx_word' id='word_1_290' title='bbox 62 3134 119 3182; x_wconf 87' lang='lat' dir='ltr'><strong>tum</strong></span> <span class='ocrx_word' id='word_1_291' title='bbox 135 3141 173 3182; x_wconf 84' lang='lat' dir='ltr'><strong>ex</strong></span> <span class='ocrx_word' id='word_1_292' title='bbox 194 3140 267 3200; x_wconf 91' lang='lat' dir='ltr'><strong>aqua</strong></span> <span class='ocrx_word' id='word_1_293' title='bbox 287 3133 335 3182; x_wconf 90' lang='lat' dir='ltr'><strong>aut</strong></span> <span class='ocrx_word' id='word_1_294' title='bbox 351 3125 378 3181; x_wconf 90' lang='lat' dir='ltr'><strong>in</strong></span> <span class='ocrx_word' id='word_1_295' title='bbox 392 3123 484 3182; x_wconf 89' lang='lat' dir='ltr'><strong>mulso</strong></span> <span class='ocrx_word' id='word_1_296' title='bbox 505 3121 601 3183; x_wconf 91' lang='lat' dir='ltr'><strong>obolis</strong></span> <span class='ocrx_word' id='word_1_297' title='bbox 622 3124 722 3183; x_wconf 88' lang='lat' dir='ltr'><strong>tribus.</strong></span> <span class='ocrx_word' id='word_1_298' title='bbox 754 3124 847 3184; x_wconf 86' lang='lat' dir='ltr'><strong>Solvit</strong></span> <span class='ocrx_word' id='word_1_299' title='bbox 868 3134 898 3184; x_wconf 88' lang='lat' dir='ltr'><strong>et</strong></span> <span class='ocrx_word' id='word_1_300' title='bbox 921 3124 1054 3199; x_wconf 89' lang='lat' dir='ltr'><strong>cyclami-</strong></span> 
     </span>
     <span class='ocr_line' id='line_1_36' title="bbox 25 3206 1053 3285; baseline -0.004 -17"><span class='ocrx_word' id='word_1_301' title='bbox 25 3223 115 3268; x_wconf 82' lang='lat' dir='ltr'><strong>ssnos</strong></span> <span class='ocrx_word' id='word_1_302' title='bbox 132 3225 169 3266; x_wconf 85' lang='lat' dir='ltr'><strong>ex</strong></span> <span class='ocrx_word' id='word_1_303' title='bbox 182 3224 255 3284; x_wconf 89' lang='lat' dir='ltr'><strong>aqua</strong></span> <span class='ocrx_word' id='word_1_304' title='bbox 273 3215 341 3285; x_wconf 90' lang='lat' dir='ltr'><strong>pota</strong></span> <span class='ocrx_word' id='word_1_305' title='bbox 356 3215 403 3266; x_wconf 90' lang='lat' dir='ltr'><strong>aut</strong></span> <span class='ocrx_word' id='word_1_306' title='bbox 416 3206 526 3266; x_wconf 90' lang='lat' dir='ltr'><strong>balanis</strong></span> <span class='ocrx_word' id='word_1_307' title='bbox 542 3206 674 3282; x_wconf 91' lang='lat' dir='ltr'><strong>subditis,</strong></span> <span class='ocrx_word' id='word_1_308' title='bbox 691 3209 759 3267; x_wconf 93' lang='lat' dir='ltr'><strong>item</strong></span> <span class='ocrx_word' id='word_1_309' title='bbox 773 3207 962 3269; x_wconf 89' lang='lat' dir='ltr'><strong>chamaecissi</strong></span> <span class='ocrx_word' id='word_1_310' title='bbox 977 3206 1053 3265; x_wconf 90' lang='lat' dir='ltr'><strong>bala·</strong></span> 
     </span>
     <span class='ocr_line' id='line_1_37' title="bbox 62 3289 1053 3367; baseline -0.002 -19"><span class='ocrx_word' id='word_1_311' title='bbox 62 3307 125 3348; x_wconf 94' lang='lat' dir='ltr'><strong>nus.</strong></span> <span class='ocrx_word' id='word_1_312' title='bbox 155 3289 267 3367; x_wconf 89' lang='lat' dir='ltr'><strong>Hysopi</strong></span> <span class='ocrx_word' id='word_1_313' title='bbox 277 3289 436 3367; x_wconf 90' lang='lat' dir='ltr'><strong>manipulus</strong></span> <span class='ocrx_word' id='word_1_314' title='bbox 452 3289 592 3350; x_wconf 90' lang='lat' dir='ltr'><strong>decoctus</strong></span> <span class='ocrx_word' id='word_1_315' title='bbox 608 3289 644 3349; x_wconf 91' lang='lat' dir='ltr'><strong>ad</strong></span> <span class='ocrx_word' id='word_1_316' title='bbox 657 3294 756 3351; x_wconf 89' lang='lat' dir='ltr'><strong>tertias</strong></span> <span class='ocrx_word' id='word_1_317' title='bbox 770 3309 833 3350; x_wconf 92' lang='lat' dir='ltr'><strong>cum</strong></span> <span class='ocrx_word' id='word_1_318' title='bbox 849 3290 912 3350; x_wconf 90' lang='lat' dir='ltr'><strong>sale</strong></span> <span class='ocrx_word' id='word_1_319' title='bbox 927 3299 956 3349; x_wconf 89' lang='lat' dir='ltr'><strong>et</strong></span> <span class='ocrx_word' id='word_1_320' title='bbox 971 3289 1053 3366; x_wconf 89' lang='lat' dir='ltr'><strong>pitui-</strong></span> 
     </span>
     <span class='ocr_line' id='line_1_38' title="bbox 61 3372 1053 3450; baseline -0.002 -18"><span class='ocrx_word' id='word_1_321' title='bbox 61 3382 107 3433; x_wconf 89' lang='lat' dir='ltr'><strong>tas</strong></span> <span class='ocrx_word' id='word_1_322' title='bbox 131 3373 215 3432; x_wconf 92' lang='lat' dir='ltr'><strong>trahit</strong></span> <span class='ocrx_word' id='word_1_323' title='bbox 237 3373 331 3432; x_wconf 94' lang='lat' dir='ltr'><strong>inlitus</strong></span> <span class='ocrx_word' id='word_1_324' title='bbox 353 3372 401 3432; x_wconf 90' lang='lat' dir='ltr'><strong>vel</strong></span> <span class='ocrx_word' id='word_1_325' title='bbox 423 3375 504 3433; x_wconf 89' lang='lat' dir='ltr'><strong>tritus</strong></span> <span class='ocrx_word' id='word_1_326' title='bbox 524 3375 552 3431; x_wconf 92' lang='lat' dir='ltr'><strong>iu</strong></span> <span class='ocrx_word' id='word_1_327' title='bbox 580 3374 736 3446; x_wconf 83' lang='lat' dir='ltr'><strong>oxymelite</strong></span> <span class='ocrx_word' id='word_1_328' title='bbox 761 3383 789 3434; x_wconf 92' lang='lat' dir='ltr'><strong>et</strong></span> <span class='ocrx_word' id='word_1_329' title='bbox 814 3374 890 3448; x_wconf 90' lang='lat' dir='ltr'><strong>sale,</strong></span> <span class='ocrx_word' id='word_1_330' title='bbox 914 3372 1053 3450; x_wconf 90' lang='lat' dir='ltr'><strong>pellitque</strong></span> 
     </span>
     <span class='ocr_line' id='line_1_39' title="bbox 61 3453 1069 3535; baseline -0.007 -21"><span class='ocrx_word' id='word_1_331' title='bbox 61 3458 172 3515; x_wconf 86' lang='lat' dir='ltr'><strong>ventris</strong></span> <span class='ocrx_word' id='word_1_332' title='bbox 190 3456 330 3516; x_wconf 89' lang='lat' dir='ltr'><strong>animalia.</strong></span> <span class='ocrx_word' id='word_1_333' title='bbox 362 3458 488 3535; x_wconf 90' lang='lat' dir='ltr'><strong>pituitam</strong></span> <span class='ocrx_word' id='word_1_334' title='bbox 507 3466 535 3514; x_wconf 90' lang='lat' dir='ltr'><strong>et</strong></span> <span class='ocrx_word' id='word_1_335' title='bbox 549 3456 637 3515; x_wconf 90' lang='lat' dir='ltr'><strong>bilem</strong></span> <span class='ocrx_word' id='word_1_336' title='bbox 653 3457 774 3516; x_wconf 90' lang='lat' dir='ltr'><strong>detrahit</strong></span> <span class='ocrx_word' id='word_1_337' title='bbox 788 3453 1069 3535; x_wconf 67' lang='lat' dir='ltr'><strong>peucedau&#39;xrahxa.</strong></span> 
     </span>
    </p>
   </div>
   <div class='ocr_carea' id='block_1_4' title="bbox 0 0 1204 3840">
    <p class='ocr_par' dir='ltr' id='par_1_11' title="bbox 0 0 1204 3840">
     <span class='ocr_line' id='line_1_40' title="bbox 0 0 1204 3840; baseline 0 0"><span class='ocrx_word' id='word_1_338' title='bbox 0 0 1204 3840; x_wconf 95' lang='lat' dir='ltr'><strong> </strong></span> 
     </span>
    </p>
   </div>
  </div>
 </body>
</html>
