2400 3840
148 176 209 240 308
472 191 503 238 c.
526 191 622 239 rnsnr
643 189 795 239 anconot

142 345 253 405 marini
287 343 362 425 pilos
386 345 416 404 iu
435 363 554 407 mamma
577 347 715 408 moricum
737 362 840 405 carnes
862 345 1005 424 inpositae
1029 345 1148 408 tollunt.

143 429 293 507 squatinae
313 426 412 489 inlitae
437 447 574 492 crescere
595 447 731 489 mammas
747 445 805 488 non
824 429 977 508 patiamur.
1008 428 1149 508 Delphini

143 512 227 591 adipe
245 512 398 574 linamenta
413 531 538 575 accensa
554 514 681 574 excitant
700 512 806 573 volvae
826 512 1005 590 strangulatu
1020 530 1148 591 oppres·

102 607 153 661 130
164 614 223 671 sas,
235 600 303 655 item
314 597 434 657 strombi
448 599 477 656 in
489 608 574 658 aceto
588 596 753 676 putrefacti.
774 594 929 657 Parcarum
940 596 987 656 val
998 614 1149 658 menarum

47 723 51 731 -
144 680 247 758 eapitis
264 681 336 740 cinis
353 681 415 742 salo
432 681 558 742 admixto
580 691 610 741 et
625 681 719 742 cunila
736 680 863 760 oleoque
879 680 984 740 volvas
1001 680 1171 758 medetur‚a

144 763 290 824 sullitiouc
305 782 420 843 quoque
438 765 581 826 secundas
604 763 736 826 domabit.
766 766 834 824 item
850 764 929 824 vituli
945 764 1045 823 marini
1062 764 1149 844 adips

143 847 298 907 instillatur
319 849 378 924 igni
400 847 516 908 naribus
537 850 787 909 intermortuarum
807 848 912 908 volvae
933 849 1012 908 vitio.
1036 864 1149 926 coago·

144 931 201 991 lum
218 930 346 991 eiusdem
368 932 395 990 in
413 932 525 992 vellere
547 935 718 1012 inpositum,
739 931 836 1010 pulmo
853 933 979 991 marinus
1002 930 1149 1009 adligatus

144 1024 250 1094 purgat
262 1016 384 1091 egregie
400 1015 804 1093 profluvia‚ecl1iniviventes
819 1015 893 1075 tunsi
905 1023 935 1074 et
945 1015 973 1074 in
985 1016 1053 1074 vino
1068 1016 1150 1076 dulci
1199 1068 1200 1081 ,

102 1110 151 1163 131
165 1099 239 1176 poti.
266 1099 369 1157 sistunt
384 1108 414 1159 ct
430 1102 526 1160 cancri
543 1099 695 1161 fluviatiles
712 1100 770 1159 triti
786 1099 816 1158 iu
832 1100 898 1159 rino
915 1098 1057 1178 potique
1078 1100 1180 1160 itemst

144 1181 225 1242 siluri
247 1180 360 1257 suffitu,
382 1185 541 1261 praecipue
562 1184 670 1259 lllrici,
694 1182 842 1243 faciliores
862 1190 960 1261 partos
986 1181 1089 1242 lacere
1106 1183 1149 1243 di·

145 1273 257 1342 cuntur,
275 1268 372 1327 cancri
387 1286 425 1328 ex
441 1285 515 1346 aqua
529 1269 592 1347 poti
608 1266 750 1346 prolluvia
766 1268 881 1340 sistere,
895 1285 932 1326 ex
946 1266 1064 1345 hysopo
1079 1285 1148 1344 pur·

143 1366 225 1427 gare.
247 1358 277 1409 et
292 1352 317 1409 si
333 1360 434 1428 partus
453 1351 624 1428 strangulet,
642 1350 773 1410 similiter
787 1352 849 1429 poti
868 1350 1048 1412 auxiliantur.
1079 1367 1148 1413 eos-

144 1433 210 1493 dem
230 1437 358 1493 reoentis
374 1434 421 1495 vel
439 1435 536 1495 aridos
551 1434 651 1494 bibunt
667 1433 702 1493 ad
722 1442 821 1511 partus
840 1431 1041 1494 continendos.
1076 1432 1148 1512 llip-

145 1525 283 1596 pocrates
299 1516 335 1577 ad
355 1518 545 1596 purgationes
558 1527 746 1596 mortuosque
767 1524 866 1594 partos
883 1520 970 1577 utitur
984 1515 1058 1590 illis,
1083 1533 1148 1576 cum
1159 1529 1179 1570 u

146 1601 238 1677 quinis
261 1600 369 1677 lapathi
389 1600 489 1662 radice
509 1612 647 1681 rutaeque
675 1610 704 1660 et
720 1599 843 1677 iuligine
863 1602 979 1661 tritaet
1000 1601 1028 1659 in
1049 1598 1146 1659 mulso

103 1693 153 1747 132
165 1682 231 1744 data
242 1692 323 1761 potu.
345 1683 431 1744 iidem
447 1687 474 1745 in
486 1687 547 1745 iore
559 1687 636 1746 cocti
649 1702 711 1745 cum
725 1681 844 1762 lapatlro
858 1693 888 1744 et
902 1686 970 1763 apio
982 1691 1146 1743 menstruas

145 1769 334 1844 purgationes
350 1767 506 1845 expediunt
527 1769 668 1845 lactisque
690 1766 850 1827 ubertatem
867 1767 992 1842 iaciunt,
1013 1767 1102 1834 iidem
1118 1766 1147 1823 in
1164 1799 1168 1807 ·

144 1849 220 1910 febri
235 1867 309 1928 quae
324 1851 360 1910 sit
381 1869 444 1911 cum
460 1853 562 1929 capitis
578 1850 728 1910 doloribus
745 1859 775 1909 et
789 1851 938 1910 oculorum
955 1848 1146 1927 palpitatione

144 1933 337 1994 mulieribus
328 1953 356 1994 ιιι
370 1936 436 1995 vino
452 1943 569 1995 austero
586 1935 647 2012 poti
663 1932 805 2012 prodesse
817 1934 957 1994 dicontur.
979 1940 1147 1994 castoreum
1156 1951 1181 1992 ao

145 2034 183 2076 ex
198 2017 291 2078 mulso
308 2028 405 2097 potum
421 2018 639 2097 purgationibus
655 2017 776 2096 prodest
798 2025 957 2096 contraque
970 2015 1086 2075 volvam
1101 2010 1144 2073 ol·

126 2118 148 2159 ἰ
176 2110 270 2161 actum
282 2119 346 2162 com
357 2112 442 2163 aceto
457 2111 487 2162 et
500 2103 567 2180 pice
580 2110 627 2162 aut
641 2101 783 2161 subditum
795 2100 930 2179 pastillis
951 2097 987 2159 ad
1000 2096 1143 2156 secundas

146 2186 232 2245 etiarn
247 2186 287 2244 nti
302 2186 404 2246 eodem
421 2185 541 2264 prodest
557 2203 621 2246 curn
637 2201 747 2263 panace
768 2185 797 2243 in
813 2193 946 2263 quattuor
960 2180 1070 2256 cyathis
1086 2179 1145 2237 vini

145 2277 174 2329 et
200 2287 216 2327 a
242 2268 354 2346 frigore
378 2268 574 2329 laborantibus
597 2269 687 2327 ternis
711 2267 817 2326 obolis
853 2267 907 2327 sed
933 2269 956 2326 si
983 2273 1146 2325 castoreum

146 2351 666 2430 librumvesupergrediaturgravida‚
682 2350 813 2410 abortum
824 2350 924 2411 lacere
936 2349 1180 2425 dicitor‚etpe-
1134 2362 1180 2401 -2'

145 2434 265 2495 riclitari
281 2437 372 2514 partu,
389 2455 414 2495 sn
407 2436 637 2514 ’.superlerator
655 2434 755 2496 lllirom
764 2442 809 2494 cst
818 2442 847 2493 et
860 2433 936 2513 quod
948 2431 984 2492 de
991 2430 1147 2509 torpedine

144 2519 277 2580 invenio:
299 2522 323 2578 si
339 2521 479 2599 capiatur,
495 2539 558 2580 oum
571 2520 659 2579 luna
650 2538 679 2577 ιιι
694 2517 767 2577 libra
783 2518 829 2591 sit,
845 2517 998 2616 triduoque
1010 2513 1146 2575 adserve-

146 2611 191 2661 tur
207 2602 260 2662 sub
276 2603 338 2678 diu
359 2603 453 2664 facilis
473 2613 573 2682 partus
594 2603 695 2663 lacere
719 2610 822 2680 postea
842 2601 977 2679 quotiens
997 2598 1146 2657 inferatur

147 2686 283 2747 adiuvare
300 2695 329 2747 ct
352 2690 516 2766 pastinacae
535 2686 632 2747 radios
654 2685 828 2761 adalligatus
843 2683 978 2744 umbilico
1003 2682 1146 2740 existima·

147 2779 208 2846 tur,
231 2773 255 2830 si
272 2772 379 2830 viventi
388 2770 507 2830 ablatus
528 2772 577 2846 sit
601 2771 723 2848 ipsaque
745 2767 873 2827 denuo
864 2785 893 2828 ιιι
918 2783 997 2826 mare
1019 2764 1145 2824 dimissa.
1157 2778 1181 2818 ao

106 2852 288 2917 13411uvonio
309 2854 384 2934 apud
404 2853 541 2934 quosdam
563 2862 727 2914 ostraceum
749 2854 849 2912 vocari
873 2850 951 2931 quod
971 2849 1060 2928 aliqui
1078 2864 1146 2920 ony-

149 2936 231 2997 chem
242 2947 360 3014 vocent,
373 2938 430 2999 lroc
444 2938 570 2998 sollitum
585 2938 691 2997 volvae
706 2937 810 3014 poenis
821 2936 893 2996 mire
905 2934 1056 2994 resistere
1077 2930 1146 2990 odo·

149 3040 210 3081 rem
226 3040 294 3082 esse
309 3025 444 3100 castorei,
459 3022 620 3100 meliusque
637 3038 701 3080 cum
712 3036 749 3080 eo
761 3028 854 3079 ustum
867 3017 1024 3097 prolicere.
1045 3022 1148 3074 vetera

151 3122 265 3184 quoque
282 3106 381 3168 ulcera
399 3116 428 3167 et
445 3105 588 3167 cacoetbe
605 3103 735 3164 eiusdem
751 3105 850 3163 cinero
866 3100 971 3164 sanari.
998 3115 1063 3159 nam
1085 3113 1146 3157 car·

148 3187 289 3248 bonculos
304 3199 333 3250 et
348 3192 541 3250 carcinomata
556 3191 585 3248 in
602 3188 736 3248 muliebri
753 3195 835 3264 parte
851 3184 1085 3266 praesentissimo
1100 3195 1144 3237 re·
1156 3189 1179 3230 ³⁵

147 3271 241 3330 medio
258 3273 352 3333 sanari
373 3274 487 3332 tradunt
502 3289 609 3332 cancro
624 3272 729 3332 femina
752 3288 815 3330 cum
833 3272 902 3331 salis
916 3270 989 3330 dore
1005 3272 1145 3326 contunso

150 3363 217 3433 post
233 3354 348 3433 plenam
365 3355 459 3416 lunam
478 3365 507 3416 et
522 3374 560 3415 cx
575 3373 648 3435 aqua
668 3355 759 3414 inlito.

26 3493 30 3499 .
107 3449 157 3504 135
218 3437 301 3519 (47.)
324 3439 477 3499 Psilotrurn
497 3448 542 3500 est
561 3440 660 3515 thynni
682 3436 816 3515 sanguis,
834 3436 876 3497 iel
883 3438 1038 3513 ‚iocur‚s
1024 3434 1086 3493 sive
1101 3449 1147 3490 re-
