<?xml version="1.0" encoding="UTF-8"?>
<!DOCTYPE html PUBLIC "-//W3C//DTD XHTML 1.0 Transitional//EN"
    "http://www.w3.org/TR/xhtml1/DTD/xhtml1-transitional.dtd">
<html xmlns="http://www.w3.org/1999/xhtml" xml:lang="en" lang="en">
 <head>
  <title>
</title>
<meta http-equiv="Content-Type" content="text/html;charset=utf-8" />
  <meta name='ocr-system' content='tesseract 3.04.00' />
  <meta name='ocr-capabilities' content='ocr_page ocr_carea ocr_par ocr_line ocrx_word'/>
</head>
<body>
  <div class='ocr_page' id='page_1' title='image "./cplinisecundina06plingoog_0082.png"; bbox 0 0 2400 3840; ppageno 0'>
   <div class='ocr_carea' id='block_1_1' title="bbox 331 161 1097 240">
    <p class='ocr_par' dir='ltr' id='par_1_1' title="bbox 331 161 1097 240">
     <span class='ocr_line' id='line_1_1' title="bbox 331 161 1097 240; baseline 0.001 -20"><span class='ocrx_word' id='word_1_1' title='bbox 331 173 411 222; x_wconf 79' lang='lat' dir='ltr'><strong>nar.</strong></span> <span class='ocrx_word' id='word_1_2' title='bbox 431 173 639 223; x_wconf 83' lang='lat' dir='ltr'><strong>u1sa.xx111.</strong></span> <span class='ocrx_word' id='word_1_3' title='bbox 657 174 681 226; x_wconf 91' lang='lat'><strong>1.</strong></span> <span class='ocrx_word' id='word_1_4' title='bbox 702 161 856 240; x_wconf 82' lang='lat' dir='ltr'><strong>(lt-16.)</strong></span> <span class='ocrx_word' id='word_1_5' title='bbox 1078 163 1097 221; x_wconf 89' lang='grc'><strong>7</strong></span> 
     </span>
    </p>
   </div>
   <div class='ocr_carea' id='block_1_2' title="bbox 10 327 1142 3503">
    <p class='ocr_par' dir='ltr' id='par_1_2' title="bbox 10 327 1142 3503">
     <span class='ocr_line' id='line_1_2' title="bbox 91 327 1097 406; baseline 0.004 -21"><span class='ocrx_word' id='word_1_6' title='bbox 91 327 347 404; x_wconf 75' lang='lat' dir='ltr'>gargarizationes</span> <span class='ocrx_word' id='word_1_7' title='bbox 365 337 412 405; x_wconf 92' lang='lat' dir='ltr'><strong>et,</strong></span> <span class='ocrx_word' id='word_1_8' title='bbox 430 346 466 389; x_wconf 90' lang='lat' dir='ltr'><strong>ne</strong></span> <span class='ocrx_word' id='word_1_9' title='bbox 482 328 549 406; x_wconf 92' lang='lat' dir='ltr'><strong>quid</strong></span> <span class='ocrx_word' id='word_1_10' title='bbox 563 328 739 404; x_wconf 77' lang='lat' dir='ltr'><strong>devoretur,</strong></span> <span class='ocrx_word' id='word_1_11' title='bbox 761 327 857 388; x_wconf 89' lang='lat' dir='ltr'><strong>addito</strong></span> <span class='ocrx_word' id='word_1_12' title='bbox 884 327 964 405; x_wconf 90' lang='lat' dir='ltr'><strong>sale,</strong></span> <span class='ocrx_word' id='word_1_13' title='bbox 987 327 1097 404; x_wconf 78' lang='lat' dir='ltr'><strong>thymo,</strong></span> 
     </span>
     <span class='ocr_line' id='line_1_3' title="bbox 93 410 977 490; baseline 0 -20"><span class='ocrx_word' id='word_1_14' title='bbox 93 419 181 471; x_wconf 90' lang='lat' dir='ltr'><strong>aceto</strong></span> <span class='ocrx_word' id='word_1_15' title='bbox 198 410 300 471; x_wconf 88' lang='lat' dir='ltr'><strong>mulso.</strong></span> <span class='ocrx_word' id='word_1_16' title='bbox 330 412 398 472; x_wconf 91' lang='lat' dir='ltr'><strong>ideo</strong></span> <span class='ocrx_word' id='word_1_17' title='bbox 417 420 448 471; x_wconf 93' lang='lat' dir='ltr'><strong>et</strong></span> <span class='ocrx_word' id='word_1_18' title='bbox 463 412 684 490; x_wconf 79' lang='lat' dir='ltr'><strong>purgationibus</strong></span> <span class='ocrx_word' id='word_1_19' title='bbox 700 413 854 489; x_wconf 88' lang='lat' dir='ltr'><strong>ancipitem</strong></span> <span class='ocrx_word' id='word_1_20' title='bbox 870 419 977 489; x_wconf 89' lang='lat' dir='ltr'><strong>putant.</strong></span> 
     </span>
     <span class='ocr_line' id='line_1_4' title="bbox 159 493 1098 573; baseline -0.003 -15"><span class='ocrx_word' id='word_1_21' title='bbox 159 493 233 573; x_wconf 80' lang='lat'><strong>(15.)</strong></span> <span class='ocrx_word' id='word_1_22' title='bbox 263 493 397 555; x_wconf 86' lang='lat' dir='ltr'><strong>Esthuic</strong></span> <span class='ocrx_word' id='word_1_23' title='bbox 415 494 531 572; x_wconf 90' lang='lat' dir='ltr'><strong>similis,</strong></span> <span class='ocrx_word' id='word_1_24' title='bbox 556 495 609 555; x_wconf 93' lang='lat' dir='ltr'><strong>sed</strong></span> <span class='ocrx_word' id='word_1_25' title='bbox 625 497 654 555; x_wconf 92' lang='lat' dir='ltr'><strong>in</strong></span> <span class='ocrx_word' id='word_1_26' title='bbox 669 495 778 555; x_wconf 88' lang='lat' dir='ltr'><strong>salictis</strong></span> <span class='ocrx_word' id='word_1_27' title='bbox 795 512 926 555; x_wconf 88' lang='lat' dir='ltr'><strong>nascens.</strong></span> <span class='ocrx_word' id='word_1_28' title='bbox 957 495 1024 556; x_wconf 92' lang='lat' dir='ltr'><strong>ideo</strong></span> <span class='ocrx_word' id='word_1_29' title='bbox 1042 495 1098 555; x_wconf 91' lang='lat' dir='ltr'><strong>dis·</strong></span> 
     </span>
     <span class='ocr_line' id='line_1_5' title="bbox 93 579 1096 656; baseline -0.001 -17"><span class='ocrx_word' id='word_1_30' title='bbox 93 579 238 656; x_wconf 89' lang='lat' dir='ltr'><strong>tinguitur</strong></span> <span class='ocrx_word' id='word_1_31' title='bbox 258 580 392 655; x_wconf 89' lang='lat' dir='ltr'><strong>nomine,</strong></span> <span class='ocrx_word' id='word_1_32' title='bbox 419 596 482 639; x_wconf 90' lang='lat' dir='ltr'><strong>eum</strong></span> <span class='ocrx_word' id='word_1_33' title='bbox 498 579 618 639; x_wconf 89' lang='lat' dir='ltr'><strong>eosdem</strong></span> <span class='ocrx_word' id='word_1_34' title='bbox 633 597 701 639; x_wconf 87' lang='lat' dir='ltr'><strong>usus</strong></span> <span class='ocrx_word' id='word_1_35' title='bbox 720 579 842 656; x_wconf 88' lang='lat' dir='ltr'><strong>habeat,</strong></span> <span class='ocrx_word' id='word_1_36' title='bbox 870 587 900 638; x_wconf 92' lang='lat' dir='ltr'><strong>et</strong></span> <span class='ocrx_word' id='word_1_37' title='bbox 918 579 1096 639; x_wconf 78' lang='lat' dir='ltr'><strong>salicastrum</strong></span> 
     </span>
     <span class='ocr_line' id='line_1_6' title="bbox 68 661 1096 741; baseline -0.005 -14"><span class='ocrx_word' id='word_1_38' title='bbox 68 670 224 728; x_wconf 78' lang='lat' dir='ltr'><strong>avocatur.</strong></span> <span class='ocrx_word' id='word_1_39' title='bbox 261 661 388 722; x_wconf 87' lang='lat' dir='ltr'><strong>scabiem</strong></span> <span class='ocrx_word' id='word_1_40' title='bbox 409 670 439 723; x_wconf 89' lang='lat' dir='ltr'><strong>et</strong></span> <span class='ocrx_word' id='word_1_41' title='bbox 464 663 643 741; x_wconf 81' lang='lat' dir='ltr'><strong>pruriginem</strong></span> <span class='ocrx_word' id='word_1_42' title='bbox 668 662 812 723; x_wconf 90' lang='lat' dir='ltr'><strong>hominum</strong></span> <span class='ocrx_word' id='word_1_43' title='bbox 834 661 1096 741; x_wconf 83' lang='lat' dir='ltr'><strong>quadripedumque</strong></span> 
     </span>
     <span class='ocr_line' id='line_1_7' title="bbox 91 745 725 807; baseline -0.005 0"><span class='ocrx_word' id='word_1_44' title='bbox 91 754 181 807; x_wconf 89' lang='lat' dir='ltr'><strong>aceto</strong></span> <span class='ocrx_word' id='word_1_45' title='bbox 196 745 290 805; x_wconf 89' lang='lat' dir='ltr'><strong>mulso</strong></span> <span class='ocrx_word' id='word_1_46' title='bbox 307 747 373 806; x_wconf 88' lang='lat' dir='ltr'><strong>trita</strong></span> <span class='ocrx_word' id='word_1_47' title='bbox 391 746 464 806; x_wconf 91' lang='lat' dir='ltr'><strong>haec</strong></span> <span class='ocrx_word' id='word_1_48' title='bbox 478 747 624 807; x_wconf 82' lang='lat' dir='ltr'><strong>efficacius</strong></span> <span class='ocrx_word' id='word_1_49' title='bbox 640 746 725 806; x_wconf 92' lang='lat' dir='ltr'><strong>tollit.</strong></span> 
     </span>
     <span class='ocr_line' id='line_1_8' title="bbox 155 828 1137 910; baseline 0.003 -20"><span class='ocrx_word' id='word_1_50' title='bbox 155 828 238 907; x_wconf 84' lang='lat'>(16.)</span> <span class='ocrx_word' id='word_1_51' title='bbox 274 828 352 889; x_wconf 90' lang='lat' dir='ltr'><strong>Vitis</strong></span> <span class='ocrx_word' id='word_1_52' title='bbox 375 829 440 889; x_wconf 88' lang='lat' dir='ltr'><strong>alba</strong></span> <span class='ocrx_word' id='word_1_53' title='bbox 462 837 508 889; x_wconf 89' lang='lat' dir='ltr'><strong>est</strong></span> <span class='ocrx_word' id='word_1_54' title='bbox 529 848 612 907; x_wconf 90' lang='lat' dir='ltr'><strong>quam</strong></span> <span class='ocrx_word' id='word_1_55' title='bbox 629 828 732 890; x_wconf 89' lang='lat' dir='ltr'><strong>Graeci</strong></span> <span class='ocrx_word' id='word_1_56' title='bbox 754 830 888 910; x_wconf 86' lang='lat' dir='ltr'><strong>ampelon</strong></span> <span class='ocrx_word' id='word_1_57' title='bbox 905 830 1026 906; x_wconf 88' lang='lat' dir='ltr'><strong>leucen,</strong></span> <span class='ocrx_word' id='word_1_58' title='bbox 1045 829 1093 889; x_wconf 90' lang='lat' dir='ltr'><strong>alii</strong></span> <span class='ocrx_word' id='word_1_59' title='bbox 1105 841 1137 892; x_wconf 76' lang='lat'><strong>21</strong></span> 
     </span>
     <span class='ocr_line' id='line_1_9' title="bbox 10 912 1097 993; baseline -0.003 -17"><span class='ocrx_word' id='word_1_60' title='bbox 10 932 12 943; x_wconf 91' lang='grc'><strong><em>·</em></strong></span> <span class='ocrx_word' id='word_1_61' title='bbox 90 912 268 993; x_wconf 76' lang='lat' dir='ltr'><strong>staphylen,</strong></span> <span class='ocrx_word' id='word_1_62' title='bbox 289 912 338 973; x_wconf 89' lang='lat' dir='ltr'><strong>alii</strong></span> <span class='ocrx_word' id='word_1_63' title='bbox 358 913 535 990; x_wconf 91' lang='lat' dir='ltr'><strong>melothron,</strong></span> <span class='ocrx_word' id='word_1_64' title='bbox 566 912 613 973; x_wconf 89' lang='lat' dir='ltr'><strong>alii</strong></span> <span class='ocrx_word' id='word_1_65' title='bbox 633 913 803 993; x_wconf 85' lang='lat' dir='ltr'><strong>psilotrum,</strong></span> <span class='ocrx_word' id='word_1_66' title='bbox 827 914 875 974; x_wconf 90' lang='lat' dir='ltr'><strong>alii</strong></span> <span class='ocrx_word' id='word_1_67' title='bbox 894 913 1097 989; x_wconf 84' lang='lat' dir='ltr'><strong>archezostim,</strong></span> 
     </span>
     <span class='ocr_line' id='line_1_10' title="bbox 91 996 1097 1076; baseline -0.003 -18"><span class='ocrx_word' id='word_1_68' title='bbox 91 998 142 1058; x_wconf 93' lang='lat' dir='ltr'><strong>alii</strong></span> <span class='ocrx_word' id='word_1_69' title='bbox 156 997 325 1074; x_wconf 88' lang='lat' dir='ltr'><strong>cedrostim,</strong></span> <span class='ocrx_word' id='word_1_70' title='bbox 339 997 386 1057; x_wconf 93' lang='lat' dir='ltr'><strong>alii</strong></span> <span class='ocrx_word' id='word_1_71' title='bbox 401 998 503 1058; x_wconf 88' lang='lat' dir='ltr'><strong>madon</strong></span> <span class='ocrx_word' id='word_1_72' title='bbox 517 996 672 1076; x_wconf 89' lang='lat' dir='ltr'><strong>appellant.</strong></span> <span class='ocrx_word' id='word_1_73' title='bbox 706 997 789 1058; x_wconf 88' lang='lat' dir='ltr'><strong>huius</strong></span> <span class='ocrx_word' id='word_1_74' title='bbox 805 1006 948 1058; x_wconf 90' lang='lat' dir='ltr'><strong>sarmenta</strong></span> <span class='ocrx_word' id='word_1_75' title='bbox 960 997 1056 1076; x_wconf 91' lang='lat' dir='ltr'><strong>longis</strong></span> <span class='ocrx_word' id='word_1_76' title='bbox 1068 1005 1097 1056; x_wconf 92' lang='lat' dir='ltr'><strong>et</strong></span> 
     </span>
     <span class='ocr_line' id='line_1_11' title="bbox 57 1080 1098 1160; baseline -0.006 -13"><span class='ocrx_word' id='word_1_77' title='bbox 57 1081 220 1147; x_wconf 79' lang='lat' dir='ltr'><strong>nexilibus</strong></span> <span class='ocrx_word' id='word_1_78' title='bbox 238 1081 410 1142; x_wconf 87' lang='lat' dir='ltr'><strong>internodiis</strong></span> <span class='ocrx_word' id='word_1_79' title='bbox 432 1081 596 1159; x_wconf 90' lang='lat' dir='ltr'><strong>geniculata</strong></span> <span class='ocrx_word' id='word_1_80' title='bbox 611 1080 758 1142; x_wconf 86' lang='lat' dir='ltr'><strong>scandunt.</strong></span> <span class='ocrx_word' id='word_1_81' title='bbox 787 1081 857 1143; x_wconf 83' lang='lat' dir='ltr'><strong>folia</strong></span> <span class='ocrx_word' id='word_1_82' title='bbox 874 1083 1042 1160; x_wconf 83' lang='lat' dir='ltr'><strong>pampinosa</strong></span> <span class='ocrx_word' id='word_1_83' title='bbox 1063 1082 1098 1141; x_wconf 88' lang='lat' dir='ltr'><strong>ad</strong></span> 
     </span>
     <span class='ocr_line' id='line_1_12' title="bbox 89 1163 1097 1244; baseline -0.004 -17"><span class='ocrx_word' id='word_1_84' title='bbox 89 1163 318 1243; x_wconf 77' lang='lat' dir='ltr'><strong>magnitudinem</strong></span> <span class='ocrx_word' id='word_1_85' title='bbox 334 1164 462 1225; x_wconf 89' lang='lat' dir='ltr'><strong>hederae</strong></span> <span class='ocrx_word' id='word_1_86' title='bbox 475 1165 640 1226; x_wconf 90' lang='lat' dir='ltr'><strong>dividuntur</strong></span> <span class='ocrx_word' id='word_1_87' title='bbox 652 1173 683 1225; x_wconf 91' lang='lat' dir='ltr'><strong>ut</strong></span> <span class='ocrx_word' id='word_1_88' title='bbox 694 1168 801 1225; x_wconf 88' lang='lat' dir='ltr'><strong>vitium.</strong></span> <span class='ocrx_word' id='word_1_89' title='bbox 828 1165 911 1225; x_wconf 88' lang='lat' dir='ltr'><strong>radix</strong></span> <span class='ocrx_word' id='word_1_90' title='bbox 923 1165 999 1241; x_wconf 88' lang='lat' dir='ltr'><strong>alba,</strong></span> <span class='ocrx_word' id='word_1_91' title='bbox 1014 1183 1097 1244; x_wconf 88' lang='lat' dir='ltr'><strong>gren-</strong></span> 
     </span>
     <span class='ocr_line' id='line_1_13' title="bbox 91 1247 1098 1327; baseline -0.002 -17"><span class='ocrx_word' id='word_1_92' title='bbox 91 1249 156 1326; x_wconf 88' lang='lat' dir='ltr'><strong>dis,</strong></span> <span class='ocrx_word' id='word_1_93' title='bbox 173 1247 302 1327; x_wconf 88' lang='lat' dir='ltr'><strong>raphano</strong></span> <span class='ocrx_word' id='word_1_94' title='bbox 319 1248 420 1308; x_wconf 89' lang='lat' dir='ltr'><strong>similis</strong></span> <span class='ocrx_word' id='word_1_95' title='bbox 437 1250 528 1309; x_wconf 88' lang='lat' dir='ltr'><strong>initio.</strong></span> <span class='ocrx_word' id='word_1_96' title='bbox 546 1267 584 1308; x_wconf 88' lang='lat' dir='ltr'><strong>ex</strong></span> <span class='ocrx_word' id='word_1_97' title='bbox 600 1267 635 1309; x_wconf 91' lang='lat' dir='ltr'><strong>ea</strong></span> <span class='ocrx_word' id='word_1_98' title='bbox 652 1248 750 1309; x_wconf 90' lang='lat' dir='ltr'><strong>caules</strong></span> <span class='ocrx_word' id='word_1_99' title='bbox 767 1251 899 1327; x_wconf 81' lang='lat' dir='ltr'><strong>asparagi</strong></span> <span class='ocrx_word' id='word_1_100' title='bbox 913 1248 1098 1309; x_wconf 90' lang='lat' dir='ltr'><strong>similitudine</strong></span> 
     </span>
     <span class='ocr_line' id='line_1_14' title="bbox 92 1331 1140 1395; baseline -0.001 -1"><span class='ocrx_word' id='word_1_101' title='bbox 92 1341 211 1395; x_wconf 85' lang='lat' dir='ltr'><strong>exeunt.</strong></span> <span class='ocrx_word' id='word_1_102' title='bbox 241 1331 270 1393; x_wconf 95' lang='lat' dir='ltr'><strong>hi</strong></span> <span class='ocrx_word' id='word_1_103' title='bbox 294 1332 408 1393; x_wconf 90' lang='lat' dir='ltr'><strong>decocti</strong></span> <span class='ocrx_word' id='word_1_104' title='bbox 428 1335 458 1393; x_wconf 93' lang='lat' dir='ltr'><strong>in</strong></span> <span class='ocrx_word' id='word_1_105' title='bbox 479 1332 546 1392; x_wconf 93' lang='lat' dir='ltr'><strong>cibo</strong></span> <span class='ocrx_word' id='word_1_106' title='bbox 565 1331 660 1392; x_wconf 90' lang='lat' dir='ltr'><strong>alvom</strong></span> <span class='ocrx_word' id='word_1_107' title='bbox 679 1341 709 1391; x_wconf 91' lang='lat' dir='ltr'><strong>et</strong></span> <span class='ocrx_word' id='word_1_108' title='bbox 730 1334 839 1391; x_wconf 89' lang='lat' dir='ltr'><strong>urinam</strong></span> <span class='ocrx_word' id='word_1_109' title='bbox 857 1335 943 1393; x_wconf 88' lang='lat' dir='ltr'><strong>cient.</strong></span> <span class='ocrx_word' id='word_1_110' title='bbox 976 1333 1046 1393; x_wconf 88' lang='lat' dir='ltr'><strong>folia</strong></span> <span class='ocrx_word' id='word_1_111' title='bbox 1066 1341 1140 1394; x_wconf 69' lang='lat' dir='ltr'><strong>etat</strong></span> 
     </span>
     <span class='ocr_line' id='line_1_15' title="bbox 92 1413 1098 1495; baseline -0.002 -19"><span class='ocrx_word' id='word_1_112' title='bbox 92 1413 192 1477; x_wconf 87' lang='lat' dir='ltr'><strong>caules</strong></span> <span class='ocrx_word' id='word_1_113' title='bbox 206 1415 376 1476; x_wconf 88' lang='lat' dir='ltr'><strong>exulcerant</strong></span> <span class='ocrx_word' id='word_1_114' title='bbox 388 1434 507 1495; x_wconf 88' lang='lat' dir='ltr'><strong>corpus,</strong></span> <span class='ocrx_word' id='word_1_115' title='bbox 525 1418 626 1492; x_wconf 91' lang='lat' dir='ltr'><strong>utique</strong></span> <span class='ocrx_word' id='word_1_116' title='bbox 640 1415 768 1475; x_wconf 89' lang='lat' dir='ltr'><strong>ulcerum</strong></span> <span class='ocrx_word' id='word_1_117' title='bbox 779 1414 976 1493; x_wconf 88' lang='lat' dir='ltr'><strong>phagedaenis</strong></span> <span class='ocrx_word' id='word_1_118' title='bbox 988 1425 1018 1474; x_wconf 93' lang='lat' dir='ltr'><strong>et</strong></span> <span class='ocrx_word' id='word_1_119' title='bbox 1028 1433 1098 1492; x_wconf 89' lang='lat' dir='ltr'><strong>gan·</strong></span> 
     </span>
     <span class='ocr_line' id='line_1_16' title="bbox 58 1498 1098 1578; baseline -0.007 -13"><span class='ocrx_word' id='word_1_120' title='bbox 58 1524 83 1565; x_wconf 81' lang='lat' dir='ltr'><strong>aa</strong></span> <span class='ocrx_word' id='word_1_121' title='bbox 94 1501 211 1577; x_wconf 76' lang='lat' dir='ltr'><strong>graecis</strong></span> <span class='ocrx_word' id='word_1_122' title='bbox 231 1499 421 1578; x_wconf 86' lang='lat' dir='ltr'><strong>tibiarumque</strong></span> <span class='ocrx_word' id='word_1_123' title='bbox 435 1499 531 1560; x_wconf 93' lang='lat' dir='ltr'><strong>taedio</strong></span> <span class='ocrx_word' id='word_1_124' title='bbox 543 1517 606 1559; x_wconf 91' lang='lat' dir='ltr'><strong>cum</strong></span> <span class='ocrx_word' id='word_1_125' title='bbox 618 1498 679 1573; x_wconf 84' lang='lat' dir='ltr'><strong>sale</strong></span> <span class='ocrx_word' id='word_1_126' title='bbox 693 1499 857 1559; x_wconf 84' lang='lat' dir='ltr'><strong>inlinuntur.</strong></span> <span class='ocrx_word' id='word_1_127' title='bbox 888 1517 988 1558; x_wconf 91' lang='lat' dir='ltr'><strong>semen</strong></span> <span class='ocrx_word' id='word_1_128' title='bbox 1002 1501 1031 1558; x_wconf 96' lang='lat' dir='ltr'><strong>in</strong></span> <span class='ocrx_word' id='word_1_129' title='bbox 1043 1517 1098 1559; x_wconf 90' lang='lat' dir='ltr'><strong>uva</strong></span> 
     </span>
     <span class='ocr_line' id='line_1_17' title="bbox 91 1583 1097 1662; baseline -0.001 -18"><span class='ocrx_word' id='word_1_130' title='bbox 91 1585 168 1644; x_wconf 90' lang='lat' dir='ltr'><strong>raris</strong></span> <span class='ocrx_word' id='word_1_131' title='bbox 186 1585 276 1643; x_wconf 91' lang='lat' dir='ltr'><strong>acinis</strong></span> <span class='ocrx_word' id='word_1_132' title='bbox 292 1583 450 1662; x_wconf 83' lang='lat' dir='ltr'><strong>dependet,</strong></span> <span class='ocrx_word' id='word_1_133' title='bbox 466 1601 537 1643; x_wconf 90' lang='lat' dir='ltr'><strong>suco</strong></span> <span class='ocrx_word' id='word_1_134' title='bbox 555 1583 692 1660; x_wconf 91' lang='lat' dir='ltr'><strong>rubente,</strong></span> <span class='ocrx_word' id='word_1_135' title='bbox 709 1590 814 1661; x_wconf 92' lang='lat' dir='ltr'><strong>postea</strong></span> <span class='ocrx_word' id='word_1_136' title='bbox 826 1583 955 1642; x_wconf 88' lang='lat' dir='ltr'><strong>crocino.</strong></span> <span class='ocrx_word' id='word_1_137' title='bbox 986 1600 1097 1643; x_wconf 87' lang='lat' dir='ltr'><strong>novere</strong></span> 
     </span>
     <span class='ocr_line' id='line_1_18' title="bbox 91 1666 1096 1746; baseline 0 -20"><span class='ocrx_word' id='word_1_138' title='bbox 91 1667 122 1727; x_wconf 91' lang='lat' dir='ltr'><strong>id</strong></span> <span class='ocrx_word' id='word_1_139' title='bbox 145 1668 193 1745; x_wconf 89' lang='lat' dir='ltr'><strong>qui</strong></span> <span class='ocrx_word' id='word_1_140' title='bbox 218 1667 299 1726; x_wconf 88' lang='lat' dir='ltr'><strong>coria</strong></span> <span class='ocrx_word' id='word_1_141' title='bbox 322 1667 494 1745; x_wconf 82' lang='lat' dir='ltr'><strong>perficiunt,</strong></span> <span class='ocrx_word' id='word_1_142' title='bbox 517 1667 569 1727; x_wconf 94' lang='lat' dir='ltr'><strong>illo</strong></span> <span class='ocrx_word' id='word_1_143' title='bbox 591 1669 667 1727; x_wconf 92' lang='lat' dir='ltr'><strong>euim</strong></span> <span class='ocrx_word' id='word_1_144' title='bbox 687 1675 812 1727; x_wconf 84' lang='lat' dir='ltr'><strong>utuntur.</strong></span> <span class='ocrx_word' id='word_1_145' title='bbox 843 1668 940 1745; x_wconf 86' lang='lat' dir='ltr'><strong>psoris</strong></span> <span class='ocrx_word' id='word_1_146' title='bbox 958 1674 987 1726; x_wconf 91' lang='lat' dir='ltr'><strong>et</strong></span> <span class='ocrx_word' id='word_1_147' title='bbox 1005 1666 1096 1746; x_wconf 88' lang='lat' dir='ltr'><strong>lepris</strong></span> 
     </span>
     <span class='ocr_line' id='line_1_19' title="bbox 90 1750 1097 1829; baseline 0 -20"><span class='ocrx_word' id='word_1_148' title='bbox 90 1750 232 1827; x_wconf 89' lang='lat' dir='ltr'><strong>inlinitur,</strong></span> <span class='ocrx_word' id='word_1_149' title='bbox 258 1750 342 1811; x_wconf 88' lang='lat' dir='ltr'><strong>lactis</strong></span> <span class='ocrx_word' id='word_1_150' title='bbox 358 1750 559 1812; x_wconf 88' lang='lat' dir='ltr'><strong>abundantiam</strong></span> <span class='ocrx_word' id='word_1_151' title='bbox 573 1752 643 1824; x_wconf 81' lang='lat' dir='ltr'><strong>iacit</strong></span> <span class='ocrx_word' id='word_1_152' title='bbox 658 1760 772 1812; x_wconf 89' lang='lat' dir='ltr'><strong>coctum</strong></span> <span class='ocrx_word' id='word_1_153' title='bbox 788 1769 851 1811; x_wconf 89' lang='lat' dir='ltr'><strong>cum</strong></span> <span class='ocrx_word' id='word_1_154' title='bbox 869 1753 967 1812; x_wconf 89' lang='lat' dir='ltr'><strong>tritico</strong></span> <span class='ocrx_word' id='word_1_155' title='bbox 986 1759 1097 1829; x_wconf 90' lang='lat' dir='ltr'><strong>potum·</strong></span> 
     </span>
     <span class='ocr_line' id='line_1_20' title="bbox 92 1833 1141 1914; baseline 0.006 -21"><span class='ocrx_word' id='word_1_156' title='bbox 92 1852 158 1912; x_wconf 87' lang='lat' dir='ltr'><strong>que.</strong></span> <span class='ocrx_word' id='word_1_157' title='bbox 191 1833 274 1894; x_wconf 87' lang='lat' dir='ltr'><strong>radix</strong></span> <span class='ocrx_word' id='word_1_158' title='bbox 291 1836 454 1895; x_wconf 89' lang='lat' dir='ltr'><strong>numerosis</strong></span> <span class='ocrx_word' id='word_1_159' title='bbox 472 1835 643 1895; x_wconf 90' lang='lat' dir='ltr'><strong>utilitatibus</strong></span> <span class='ocrx_word' id='word_1_160' title='bbox 660 1835 768 1895; x_wconf 86' lang='lat' dir='ltr'><strong>nobilis</strong></span> <span class='ocrx_word' id='word_1_161' title='bbox 790 1843 892 1896; x_wconf 90' lang='lat' dir='ltr'><strong>contra</strong></span> <span class='ocrx_word' id='word_1_162' title='bbox 919 1835 1141 1914; x_wconf 78' lang='lat' dir='ltr'><strong>serpenttamao</strong></span> 
     </span>
     <span class='ocr_line' id='line_1_21' title="bbox 57 1918 1099 1980; baseline -0.004 0"><span class='ocrx_word' id='word_1_163' title='bbox 57 1939 84 1980; x_wconf 74' lang='lat' dir='ltr'><strong>eo</strong></span> <span class='ocrx_word' id='word_1_164' title='bbox 95 1919 170 1978; x_wconf 89' lang='lat' dir='ltr'><strong>ictus</strong></span> <span class='ocrx_word' id='word_1_165' title='bbox 185 1919 253 1977; x_wconf 91' lang='lat' dir='ltr'><strong>trita</strong></span> <span class='ocrx_word' id='word_1_166' title='bbox 271 1918 412 1979; x_wconf 83' lang='lat' dir='ltr'><strong>drachmis</strong></span> <span class='ocrx_word' id='word_1_167' title='bbox 426 1919 535 1979; x_wconf 90' lang='lat' dir='ltr'><strong>duabus</strong></span> <span class='ocrx_word' id='word_1_168' title='bbox 550 1919 667 1980; x_wconf 86' lang='lat' dir='ltr'><strong>bibitur.</strong></span> <span class='ocrx_word' id='word_1_169' title='bbox 699 1920 768 1979; x_wconf 87' lang='lat' dir='ltr'><strong>vitia</strong></span> <span class='ocrx_word' id='word_1_170' title='bbox 785 1920 859 1978; x_wconf 89' lang='lat' dir='ltr'><strong>cutis</strong></span> <span class='ocrx_word' id='word_1_171' title='bbox 871 1920 901 1978; x_wconf 93' lang='lat' dir='ltr'><strong>in</strong></span> <span class='ocrx_word' id='word_1_172' title='bbox 913 1919 987 1979; x_wconf 83' lang='lat' dir='ltr'><strong>facie</strong></span> <span class='ocrx_word' id='word_1_173' title='bbox 1000 1935 1099 1978; x_wconf 91' lang='lat' dir='ltr'><strong>varos·</strong></span> 
     </span>
     <span class='ocr_line' id='line_1_22' title="bbox 93 2001 1099 2080; baseline -0.002 -19"><span class='ocrx_word' id='word_1_174' title='bbox 93 2020 150 2080; x_wconf 93' lang='lat' dir='ltr'><strong>que</strong></span> <span class='ocrx_word' id='word_1_175' title='bbox 166 2009 197 2062; x_wconf 94' lang='lat' dir='ltr'><strong>et</strong></span> <span class='ocrx_word' id='word_1_176' title='bbox 214 2001 372 2078; x_wconf 89' lang='lat' dir='ltr'><strong>lentigines</strong></span> <span class='ocrx_word' id='word_1_177' title='bbox 391 2011 421 2062; x_wconf 91' lang='lat' dir='ltr'><strong>et</strong></span> <span class='ocrx_word' id='word_1_178' title='bbox 438 2002 594 2080; x_wconf 86' lang='lat' dir='ltr'><strong>suggillata</strong></span> <span class='ocrx_word' id='word_1_179' title='bbox 612 2002 744 2064; x_wconf 90' lang='lat' dir='ltr'><strong>emendat</strong></span> <span class='ocrx_word' id='word_1_180' title='bbox 758 2011 788 2062; x_wconf 88' lang='lat' dir='ltr'><strong>ct</strong></span> <span class='ocrx_word' id='word_1_181' title='bbox 805 2003 969 2079; x_wconf 86' lang='lat' dir='ltr'><strong>cicatrices,</strong></span> <span class='ocrx_word' id='word_1_182' title='bbox 986 2001 1099 2061; x_wconf 92' lang='lat' dir='ltr'><strong>eadem·</strong></span> 
     </span>
     <span class='ocr_line' id='line_1_23' title="bbox 92 2085 1097 2163; baseline -0.001 -19"><span class='ocrx_word' id='word_1_183' title='bbox 92 2103 150 2163; x_wconf 89' lang='lat' dir='ltr'><strong>que</strong></span> <span class='ocrx_word' id='word_1_184' title='bbox 173 2093 305 2163; x_wconf 88' lang='lat' dir='ltr'><strong>praestat</strong></span> <span class='ocrx_word' id='word_1_185' title='bbox 325 2086 354 2146; x_wconf 92' lang='lat' dir='ltr'><strong>in</strong></span> <span class='ocrx_word' id='word_1_186' title='bbox 378 2085 446 2147; x_wconf 90' lang='lat' dir='ltr'><strong>oleo</strong></span> <span class='ocrx_word' id='word_1_187' title='bbox 468 2087 598 2147; x_wconf 89' lang='lat' dir='ltr'><strong>decocta.</strong></span> <span class='ocrx_word' id='word_1_188' title='bbox 631 2087 714 2146; x_wconf 89' lang='lat' dir='ltr'><strong>datur</strong></span> <span class='ocrx_word' id='word_1_189' title='bbox 735 2095 765 2146; x_wconf 92' lang='lat' dir='ltr'><strong>et</strong></span> <span class='ocrx_word' id='word_1_190' title='bbox 787 2085 980 2146; x_wconf 84' lang='lat' dir='ltr'><strong>comitialibus</strong></span> <span class='ocrx_word' id='word_1_191' title='bbox 998 2093 1097 2163; x_wconf 91' lang='lat' dir='ltr'><strong>potus,</strong></span> 
     </span>
     <span class='ocr_line' id='line_1_24' title="bbox 93 2167 1097 2247; baseline 0.003 -20"><span class='ocrx_word' id='word_1_192' title='bbox 93 2170 164 2228; x_wconf 91' lang='lat' dir='ltr'><strong>item</strong></span> <span class='ocrx_word' id='word_1_193' title='bbox 185 2177 282 2228; x_wconf 91' lang='lat' dir='ltr'><strong>mente</strong></span> <span class='ocrx_word' id='word_1_194' title='bbox 306 2171 449 2229; x_wconf 83' lang='lat' dir='ltr'><strong>conmotis</strong></span> <span class='ocrx_word' id='word_1_195' title='bbox 473 2179 521 2230; x_wconf 89' lang='lat' dir='ltr'><strong>aut</strong></span> <span class='ocrx_word' id='word_1_196' title='bbox 541 2171 688 2247; x_wconf 86' lang='lat' dir='ltr'><strong>vertigiue</strong></span> <span class='ocrx_word' id='word_1_197' title='bbox 707 2169 925 2247; x_wconf 90' lang='lat' dir='ltr'><strong>laborantibus,</strong></span> <span class='ocrx_word' id='word_1_198' title='bbox 946 2167 1097 2230; x_wconf 90' lang='lat' dir='ltr'><strong>drachmae</strong></span> 
     </span>
     <span class='ocr_line' id='line_1_25' title="bbox 93 2252 1141 2334; baseline 0.004 -22"><span class='ocrx_word' id='word_1_199' title='bbox 93 2252 226 2332; x_wconf 90' lang='lat' dir='ltr'><strong>pondere</strong></span> <span class='ocrx_word' id='word_1_200' title='bbox 248 2253 356 2313; x_wconf 88' lang='lat' dir='ltr'><strong>cotidie</strong></span> <span class='ocrx_word' id='word_1_201' title='bbox 372 2271 446 2314; x_wconf 90' lang='lat' dir='ltr'><strong>auno</strong></span> <span class='ocrx_word' id='word_1_202' title='bbox 464 2262 538 2333; x_wconf 76' lang='lat' dir='ltr'><strong>toto.¹</strong></span> <span class='ocrx_word' id='word_1_203' title='bbox 569 2262 600 2314; x_wconf 89' lang='lat' dir='ltr'><strong>et</strong></span> <span class='ocrx_word' id='word_1_204' title='bbox 615 2256 679 2334; x_wconf 89' lang='lat' dir='ltr'><strong>ipsa</strong></span> <span class='ocrx_word' id='word_1_205' title='bbox 694 2262 790 2314; x_wconf 91' lang='lat' dir='ltr'><strong>autem</strong></span> <span class='ocrx_word' id='word_1_206' title='bbox 812 2253 923 2331; x_wconf 88' lang='lat' dir='ltr'><strong>largior</strong></span> <span class='ocrx_word' id='word_1_207' title='bbox 944 2252 1141 2331; x_wconf 72' lang='lat' dir='ltr'><strong>aliquandoae</strong></span> 
     </span>
     <span class='ocr_line' id='line_1_26' title="bbox 56 2336 1099 2416; baseline -0.006 -15"><span class='ocrx_word' id='word_1_208' title='bbox 56 2360 83 2401; x_wconf 79' lang='lat' dir='ltr'><strong>aa</strong></span> <span class='ocrx_word' id='word_1_209' title='bbox 94 2353 199 2396; x_wconf 84' lang='lat' dir='ltr'><strong>sensus</strong></span> <span class='ocrx_word' id='word_1_210' title='bbox 224 2336 328 2396; x_wconf 91' lang='lat' dir='ltr'><strong>turbat.</strong></span> <span class='ocrx_word' id='word_1_211' title='bbox 359 2337 409 2397; x_wconf 90' lang='lat' dir='ltr'><strong>illa</strong></span> <span class='ocrx_word' id='word_1_212' title='bbox 427 2339 470 2397; x_wconf 90' lang='lat' dir='ltr'><strong>vis</strong></span> <span class='ocrx_word' id='word_1_213' title='bbox 489 2338 639 2416; x_wconf 90' lang='lat' dir='ltr'><strong>praeclara</strong></span> <span class='ocrx_word' id='word_1_214' title='bbox 654 2337 731 2416; x_wconf 93' lang='lat' dir='ltr'><strong>quod</strong></span> <span class='ocrx_word' id='word_1_215' title='bbox 749 2355 817 2397; x_wconf 88' lang='lat' dir='ltr'><strong>ossa</strong></span> <span class='ocrx_word' id='word_1_216' title='bbox 831 2337 951 2397; x_wconf 83' lang='lat' dir='ltr'><strong>infracta</strong></span> <span class='ocrx_word' id='word_1_217' title='bbox 973 2336 1099 2398; x_wconf 84' lang='lat' dir='ltr'><strong>extrahit</strong></span> 
     </span>
     <span class='ocr_line' id='line_1_27' title="bbox 91 2420 1098 2500; baseline 0 -21"><span class='ocrx_word' id='word_1_218' title='bbox 91 2422 123 2480; x_wconf 94' lang='lat' dir='ltr'><strong>in</strong></span> <span class='ocrx_word' id='word_1_219' title='bbox 138 2437 211 2498; x_wconf 89' lang='lat' dir='ltr'><strong>aqua</strong></span> <span class='ocrx_word' id='word_1_220' title='bbox 228 2421 356 2498; x_wconf 90' lang='lat' dir='ltr'><strong>inposita</strong></span> <span class='ocrx_word' id='word_1_221' title='bbox 372 2429 403 2479; x_wconf 89' lang='lat' dir='ltr'><strong>ut</strong></span> <span class='ocrx_word' id='word_1_222' title='bbox 418 2421 557 2498; x_wconf 73' lang='lat' dir='ltr'><strong>bryonia,</strong></span> <span class='ocrx_word' id='word_1_223' title='bbox 581 2439 670 2500; x_wconf 90' lang='lat' dir='ltr'><strong>quare</strong></span> <span class='ocrx_word' id='word_1_224' title='bbox 687 2420 800 2499; x_wconf 93' lang='lat' dir='ltr'><strong>quidam</strong></span> <span class='ocrx_word' id='word_1_225' title='bbox 814 2421 887 2481; x_wconf 87' lang='lat' dir='ltr'><strong>hanc</strong></span> <span class='ocrx_word' id='word_1_226' title='bbox 904 2420 997 2480; x_wconf 91' lang='lat' dir='ltr'><strong>albam</strong></span> <span class='ocrx_word' id='word_1_227' title='bbox 1011 2420 1098 2496; x_wconf 79' lang='lat' dir='ltr'><strong>bryo·</strong></span> 
     </span>
     <span class='ocr_line' id='line_1_28' title="bbox 91 2503 1098 2583; baseline 0 -20"><span class='ocrx_word' id='word_1_228' title='bbox 91 2505 167 2564; x_wconf 92' lang='lat' dir='ltr'><strong>niam</strong></span> <span class='ocrx_word' id='word_1_229' title='bbox 190 2512 303 2564; x_wconf 86' lang='lat' dir='ltr'><strong>vocant.</strong></span> <span class='ocrx_word' id='word_1_230' title='bbox 335 2505 390 2564; x_wconf 88' lang='lat' dir='ltr'><strong>alia</strong></span> <span class='ocrx_word' id='word_1_231' title='bbox 415 2522 488 2564; x_wconf 85' lang='lat' dir='ltr'><strong>uero</strong></span> <span class='ocrx_word' id='word_1_232' title='bbox 509 2507 592 2583; x_wconf 91' lang='lat' dir='ltr'><strong>nigra</strong></span> <span class='ocrx_word' id='word_1_233' title='bbox 614 2505 761 2564; x_wconf 82' lang='lat' dir='ltr'><strong>eilicaoior</strong></span> <span class='ocrx_word' id='word_1_234' title='bbox 783 2507 812 2564; x_wconf 96' lang='lat' dir='ltr'><strong>in</strong></span> <span class='ocrx_word' id='word_1_235' title='bbox 834 2503 938 2564; x_wconf 90' lang='lat' dir='ltr'><strong>eodem</strong></span> <span class='ocrx_word' id='word_1_236' title='bbox 959 2522 1013 2563; x_wconf 91' lang='lat' dir='ltr'><strong>usu</strong></span> <span class='ocrx_word' id='word_1_237' title='bbox 1036 2522 1098 2563; x_wconf 90' lang='lat' dir='ltr'><strong>cum</strong></span> 
     </span>
     <span class='ocr_line' id='line_1_29' title="bbox 91 2587 1098 2666; baseline -0.001 -20"><span class='ocrx_word' id='word_1_238' title='bbox 91 2587 180 2647; x_wconf 90' lang='lat' dir='ltr'><strong>melle</strong></span> <span class='ocrx_word' id='word_1_239' title='bbox 209 2596 239 2647; x_wconf 90' lang='lat' dir='ltr'><strong>ct</strong></span> <span class='ocrx_word' id='word_1_240' title='bbox 267 2595 339 2648; x_wconf 89' lang='lat' dir='ltr'><strong>ture.</strong></span> <span class='ocrx_word' id='word_1_241' title='bbox 379 2589 604 2666; x_wconf 85' lang='lat' dir='ltr'><strong>suppurationes</strong></span> <span class='ocrx_word' id='word_1_242' title='bbox 626 2588 793 2665; x_wconf 90' lang='lat' dir='ltr'><strong>incipientis</strong></span> <span class='ocrx_word' id='word_1_243' title='bbox 816 2587 949 2662; x_wconf 86' lang='lat' dir='ltr'><strong>discutit,</strong></span> <span class='ocrx_word' id='word_1_244' title='bbox 978 2594 1098 2646; x_wconf 86' lang='lat' dir='ltr'><strong>veteres</strong></span> 
     </span>
     <span class='ocr_line' id='line_1_30' title="bbox 89 2669 1140 2750; baseline -0.001 -20"><span class='ocrx_word' id='word_1_245' title='bbox 89 2677 214 2731; x_wconf 86' lang='lat' dir='ltr'><strong>maturat</strong></span> <span class='ocrx_word' id='word_1_246' title='bbox 232 2679 263 2732; x_wconf 91' lang='lat' dir='ltr'><strong>et</strong></span> <span class='ocrx_word' id='word_1_247' title='bbox 278 2681 390 2750; x_wconf 89' lang='lat' dir='ltr'><strong>purgat.</strong></span> <span class='ocrx_word' id='word_1_248' title='bbox 422 2674 480 2731; x_wconf 91' lang='lat' dir='ltr'><strong>ciet</strong></span> <span class='ocrx_word' id='word_1_249' title='bbox 497 2689 613 2731; x_wconf 88' lang='lat' dir='ltr'><strong>menses</strong></span> <span class='ocrx_word' id='word_1_250' title='bbox 633 2679 663 2731; x_wconf 92' lang='lat' dir='ltr'><strong>et</strong></span> <span class='ocrx_word' id='word_1_251' title='bbox 678 2671 795 2731; x_wconf 86' lang='lat' dir='ltr'><strong>urinam.</strong></span> <span class='ocrx_word' id='word_1_252' title='bbox 826 2669 948 2747; x_wconf 84' lang='lat' dir='ltr'><strong>ecligma</strong></span> <span class='ocrx_word' id='word_1_253' title='bbox 964 2687 1002 2730; x_wconf 84' lang='lat' dir='ltr'><strong>ex</strong></span> <span class='ocrx_word' id='word_1_254' title='bbox 1016 2687 1050 2729; x_wconf 87' lang='lat' dir='ltr'><strong>ea</strong></span> <span class='ocrx_word' id='word_1_255' title='bbox 1064 2669 1096 2729; x_wconf 89' lang='lat' dir='ltr'><strong>lit</strong></span> <span class='ocrx_word' id='word_1_256' title='bbox 1107 2682 1140 2736; x_wconf 76' lang='lat' dir='ltr'><strong>aa</strong></span> 
     </span>
     <span class='ocr_line' id='line_1_31' title="bbox 58 2753 1100 2833; baseline -0.001 -18"><span class='ocrx_word' id='word_1_257' title='bbox 58 2771 85 2815; x_wconf 79' lang='lat' dir='ltr'><strong>ao</strong></span> <span class='ocrx_word' id='word_1_258' title='bbox 94 2756 267 2833; x_wconf 88' lang='lat' dir='ltr'><strong>suspiriosis</strong></span> <span class='ocrx_word' id='word_1_259' title='bbox 284 2763 315 2815; x_wconf 92' lang='lat' dir='ltr'><strong>et</strong></span> <span class='ocrx_word' id='word_1_260' title='bbox 332 2765 432 2817; x_wconf 90' lang='lat' dir='ltr'><strong>contra</strong></span> <span class='ocrx_word' id='word_1_261' title='bbox 450 2755 552 2816; x_wconf 87' lang='lat' dir='ltr'><strong>lateris</strong></span> <span class='ocrx_word' id='word_1_262' title='bbox 567 2754 699 2831; x_wconf 88' lang='lat' dir='ltr'><strong>dolores,</strong></span> <span class='ocrx_word' id='word_1_263' title='bbox 714 2753 819 2831; x_wconf 81' lang='lat' dir='ltr'><strong>volsis,</strong></span> <span class='ocrx_word' id='word_1_264' title='bbox 834 2755 937 2831; x_wconf 91' lang='lat' dir='ltr'><strong>ruptis.</strong></span> <span class='ocrx_word' id='word_1_265' title='bbox 968 2753 1100 2832; x_wconf 88' lang='lat' dir='ltr'><strong>splenem</strong></span> 
     </span>
     <span class='ocr_line' id='line_1_32' title="bbox 93 2837 1099 2917; baseline 0 -19"><span class='ocrx_word' id='word_1_266' title='bbox 93 2839 187 2899; x_wconf 90' lang='lat' dir='ltr'><strong>ternis</strong></span> <span class='ocrx_word' id='word_1_267' title='bbox 210 2839 307 2899; x_wconf 92' lang='lat' dir='ltr'><strong>obolis</strong></span> <span class='ocrx_word' id='word_1_268' title='bbox 330 2849 400 2917; x_wconf 89' lang='lat' dir='ltr'><strong>pota</strong></span> <span class='ocrx_word' id='word_1_269' title='bbox 415 2841 532 2917; x_wconf 85' lang='lat' dir='ltr'><strong>triginta</strong></span> <span class='ocrx_word' id='word_1_270' title='bbox 548 2839 650 2902; x_wconf 83' lang='lat' dir='ltr'><strong>diebus</strong></span> <span class='ocrx_word' id='word_1_271' title='bbox 669 2839 820 2899; x_wconf 88' lang='lat' dir='ltr'><strong>consumit.</strong></span> <span class='ocrx_word' id='word_1_272' title='bbox 854 2837 984 2898; x_wconf 89' lang='lat' dir='ltr'><strong>inlinitur</strong></span> <span class='ocrx_word' id='word_1_273' title='bbox 999 2838 1099 2899; x_wconf 90' lang='lat' dir='ltr'><strong>eadem</strong></span> 
     </span>
     <span class='ocr_line' id='line_1_33' title="bbox 92 2922 1099 3002; baseline -0.001 -19"><span class='ocrx_word' id='word_1_274' title='bbox 92 2940 157 2983; x_wconf 90' lang='lat' dir='ltr'><strong>cum</strong></span> <span class='ocrx_word' id='word_1_275' title='bbox 174 2922 231 2982; x_wconf 85' lang='lat' dir='ltr'><strong>fleo</strong></span> <span class='ocrx_word' id='word_1_276' title='bbox 249 2931 279 2983; x_wconf 89' lang='lat' dir='ltr'><strong>et</strong></span> <span class='ocrx_word' id='word_1_277' title='bbox 294 2925 439 3002; x_wconf 77' lang='lat' dir='ltr'><strong>pterygiis</strong></span> <span class='ocrx_word' id='word_1_278' title='bbox 454 2923 617 3002; x_wconf 89' lang='lat' dir='ltr'><strong>digitorum.</strong></span> <span class='ocrx_word' id='word_1_279' title='bbox 645 2941 683 2983; x_wconf 83' lang='lat' dir='ltr'><strong>ex</strong></span> <span class='ocrx_word' id='word_1_280' title='bbox 694 2924 763 2983; x_wconf 85' lang='lat' dir='ltr'><strong>vino</strong></span> <span class='ocrx_word' id='word_1_281' title='bbox 776 2923 918 2983; x_wconf 89' lang='lat' dir='ltr'><strong>secundas</strong></span> <span class='ocrx_word' id='word_1_282' title='bbox 930 2923 1099 2983; x_wconf 88' lang='lat' dir='ltr'><strong>feminarum</strong></span> 
     </span>
     <span class='ocr_line' id='line_1_34' title="bbox 91 3005 1098 3086; baseline -0.001 -20"><span class='ocrx_word' id='word_1_283' title='bbox 91 3005 226 3084; x_wconf 87' lang='lat' dir='ltr'><strong>adposita</strong></span> <span class='ocrx_word' id='word_1_284' title='bbox 244 3005 342 3084; x_wconf 87' lang='lat' dir='ltr'><strong>trahit,</strong></span> <span class='ocrx_word' id='word_1_285' title='bbox 361 3015 391 3068; x_wconf 91' lang='lat' dir='ltr'><strong>et</strong></span> <span class='ocrx_word' id='word_1_286' title='bbox 406 3007 538 3086; x_wconf 89' lang='lat' dir='ltr'><strong>pituitam</strong></span> <span class='ocrx_word' id='word_1_287' title='bbox 555 3006 686 3067; x_wconf 92' lang='lat' dir='ltr'><strong>drachma</strong></span> <span class='ocrx_word' id='word_1_288' title='bbox 698 3015 768 3086; x_wconf 89' lang='lat' dir='ltr'><strong>pota</strong></span> <span class='ocrx_word' id='word_1_289' title='bbox 782 3007 811 3067; x_wconf 93' lang='lat' dir='ltr'><strong>in</strong></span> <span class='ocrx_word' id='word_1_290' title='bbox 822 3023 896 3084; x_wconf 91' lang='lat' dir='ltr'><strong>aqua</strong></span> <span class='ocrx_word' id='word_1_291' title='bbox 910 3006 1000 3066; x_wconf 88' lang='lat' dir='ltr'><strong>mulsa</strong></span> <span class='ocrx_word' id='word_1_292' title='bbox 1013 3024 1098 3066; x_wconf 90' lang='lat' dir='ltr'><strong>sucus</strong></span> 
     </span>
     <span class='ocr_line' id='line_1_35' title="bbox 91 3089 1142 3168; baseline 0.001 -20"><span class='ocrx_word' id='word_1_293' title='bbox 91 3089 354 3166; x_wconf 76' lang='lat' dir='ltr'><strong>radicis-colligi</strong></span> <span class='ocrx_word' id='word_1_294' title='bbox 371 3090 460 3150; x_wconf 92' lang='lat' dir='ltr'><strong>debet</strong></span> <span class='ocrx_word' id='word_1_295' title='bbox 474 3100 541 3152; x_wconf 91' lang='lat' dir='ltr'><strong>ante</strong></span> <span class='ocrx_word' id='word_1_296' title='bbox 554 3092 672 3151; x_wconf 90' lang='lat' dir='ltr'><strong>seminis</strong></span> <span class='ocrx_word' id='word_1_297' title='bbox 684 3091 877 3151; x_wconf 87' lang='lat' dir='ltr'><strong>maturitatem</strong></span> <span class='ocrx_word' id='word_1_298' title='bbox 889 3091 987 3168; x_wconf 92' lang='lat' dir='ltr'><strong>—qui</strong></span> <span class='ocrx_word' id='word_1_299' title='bbox 1004 3089 1097 3149; x_wconf 91' lang='lat' dir='ltr'><strong>inlini·</strong></span> <span class='ocrx_word' id='word_1_300' title='bbox 1107 3100 1142 3155; x_wconf 78' lang='lat'><strong>26</strong></span> 
     </span>
     <span class='ocr_line' id='line_1_36' title="bbox 56 3173 1098 3252; baseline -0.001 -20"><span class='ocrx_word' id='word_1_301' title='bbox 56 3180 141 3233; x_wconf 74' lang='lat' dir='ltr'><strong>actos</strong></span> <span class='ocrx_word' id='word_1_302' title='bbox 169 3191 224 3251; x_wconf 89' lang='lat' dir='ltr'><strong>per</strong></span> <span class='ocrx_word' id='word_1_303' title='bbox 255 3193 288 3233; x_wconf 88' lang='lat' dir='ltr'><strong>se</strong></span> <span class='ocrx_word' id='word_1_304' title='bbox 317 3183 347 3233; x_wconf 94' lang='lat' dir='ltr'><strong>et</strong></span> <span class='ocrx_word' id='word_1_305' title='bbox 375 3193 438 3234; x_wconf 90' lang='lat' dir='ltr'><strong>eum</strong></span> <span class='ocrx_word' id='word_1_306' title='bbox 460 3192 532 3235; x_wconf 82' lang='lat' dir='ltr'><strong>erro</strong></span> <span class='ocrx_word' id='word_1_307' title='bbox 555 3175 679 3235; x_wconf 88' lang='lat' dir='ltr'><strong>laetiore</strong></span> <span class='ocrx_word' id='word_1_308' title='bbox 703 3175 826 3252; x_wconf 88' lang='lat' dir='ltr'><strong>quodam</strong></span> <span class='ocrx_word' id='word_1_309' title='bbox 846 3173 950 3235; x_wconf 91' lang='lat' dir='ltr'><strong>colore</strong></span> <span class='ocrx_word' id='word_1_310' title='bbox 975 3180 1005 3232; x_wconf 90' lang='lat' dir='ltr'><strong>et</strong></span> <span class='ocrx_word' id='word_1_311' title='bbox 1025 3176 1098 3232; x_wconf 89' lang='lat' dir='ltr'><strong>eutis</strong></span> 
     </span>
     <span class='ocr_line' id='line_1_37' title="bbox 92 3257 1098 3337; baseline 0.001 -22"><span class='ocrx_word' id='word_1_312' title='bbox 92 3258 250 3318; x_wconf 90' lang='lat' dir='ltr'><strong>teneritate</strong></span> <span class='ocrx_word' id='word_1_313' title='bbox 279 3259 479 3335; x_wconf 84' lang='lat' dir='ltr'><strong>mangonicat,</strong></span> <span class='ocrx_word' id='word_1_314' title='bbox 510 3259 657 3337; x_wconf 87' lang='lat' dir='ltr'><strong>serpentis</strong></span> <span class='ocrx_word' id='word_1_315' title='bbox 686 3259 776 3335; x_wconf 80' lang='lat' dir='ltr'><strong>lugat,</strong></span> <span class='ocrx_word' id='word_1_316' title='bbox 797 3264 799 3266; x_wconf 77' lang='grc'><strong>’</strong></span> <span class='ocrx_word' id='word_1_317' title='bbox 819 3258 947 3318; x_wconf 92' lang='lat' dir='ltr'><strong>tunditur</strong></span> <span class='ocrx_word' id='word_1_318' title='bbox 967 3257 1030 3334; x_wconf 91' lang='lat' dir='ltr'><strong>ipsa</strong></span> <span class='ocrx_word' id='word_1_319' title='bbox 1054 3275 1098 3316; x_wconf 91' lang='lat' dir='ltr'><strong>ra·</strong></span> 
     </span>
     <span class='ocr_line' id='line_1_38' title="bbox 91 3338 1098 3421; baseline 0 -22"><span class='ocrx_word' id='word_1_320' title='bbox 91 3338 141 3399; x_wconf 83' lang='lat' dir='ltr'><strong>din</strong></span> <span class='ocrx_word' id='word_1_321' title='bbox 163 3359 227 3401; x_wconf 89' lang='lat' dir='ltr'><strong>cum</strong></span> <span class='ocrx_word' id='word_1_322' title='bbox 251 3341 307 3403; x_wconf 83' lang='lat' dir='ltr'><strong>hoo</strong></span> <span class='ocrx_word' id='word_1_323' title='bbox 329 3343 428 3420; x_wconf 85' lang='lat' dir='ltr'><strong>pingui</strong></span> <span class='ocrx_word' id='word_1_324' title='bbox 446 3352 607 3421; x_wconf 88' lang='lat' dir='ltr'><strong>erugatque</strong></span> <span class='ocrx_word' id='word_1_325' title='bbox 623 3359 747 3421; x_wconf 76' lang='lat' dir='ltr'><strong>corpas,</strong></span> <span class='ocrx_word' id='word_1_326' title='bbox 771 3344 795 3402; x_wconf 89' lang='lat' dir='ltr'><strong>si</strong></span> <span class='ocrx_word' id='word_1_327' title='bbox 813 3343 909 3402; x_wconf 89' lang='lat' dir='ltr'><strong>statim</strong></span> <span class='ocrx_word' id='word_1_328' title='bbox 923 3339 990 3399; x_wconf 92' lang='lat' dir='ltr'><strong>bina</strong></span> <span class='ocrx_word' id='word_1_329' title='bbox 1006 3340 1098 3400; x_wconf 88' lang='lat' dir='ltr'><strong>stadia</strong></span> 
     </span>
     <span class='ocr_line' id='line_1_39' title="bbox 90 3422 1099 3503; baseline 0.002 -21"><span class='ocrx_word' id='word_1_330' title='bbox 90 3423 292 3502; x_wconf 87' lang='lat' dir='ltr'><strong>ambulentur,</strong></span> <span class='ocrx_word' id='word_1_331' title='bbox 315 3424 386 3486; x_wconf 89' lang='lat' dir='ltr'><strong>alias</strong></span> <span class='ocrx_word' id='word_1_332' title='bbox 403 3427 503 3502; x_wconf 83' lang='lat' dir='ltr'><strong>vitiet,</strong></span> <span class='ocrx_word' id='word_1_333' title='bbox 524 3427 580 3486; x_wconf 91' lang='lat' dir='ltr'><strong>nisi</strong></span> <span class='ocrx_word' id='word_1_334' title='bbox 595 3426 702 3503; x_wconf 83' lang='lat' dir='ltr'><strong>lrigide</strong></span> <span class='ocrx_word' id='word_1_335' title='bbox 719 3427 814 3485; x_wconf 87' lang='lat' dir='ltr'><strong>stetim</strong></span> <span class='ocrx_word' id='word_1_336' title='bbox 829 3424 970 3484; x_wconf 88' lang='lat' dir='ltr'><strong>abluatur.</strong></span> <span class='ocrx_word' id='word_1_337' title='bbox 1002 3422 1099 3484; x_wconf 86' lang='lat' dir='ltr'><strong>iucun-</strong></span> 
     </span>
    </p>
   </div>
   <div class='ocr_carea' id='block_1_3' title="bbox 0 0 1205 3840">
    <p class='ocr_par' dir='ltr' id='par_1_3' title="bbox 0 0 1205 3840">
     <span class='ocr_line' id='line_1_40' title="bbox 0 0 1205 3840; baseline 0 0"><span class='ocrx_word' id='word_1_338' title='bbox 0 0 1205 3840; x_wconf 95' lang='lat' dir='ltr'><strong> </strong></span> 
     </span>
    </p>
   </div>
  </div>
 </body>
</html>
