2400 3840
321 214 402 267 usn.
420 213 511 262 mse.
527 213 609 261 xxv.
628 214 671 265 13.
690 207 877 276 (roo—roo.)
1052 204 1094 264 97

101 368 170 430 bras
195 367 362 443 deglutinat.
397 366 517 426 caedem
539 368 641 446 capitis
667 366 816 427 doloribus
843 368 992 428 medentur
1022 385 1092 426 suco

100 451 150 512 vel
166 450 238 511 folio
254 447 431 529 temporibus
448 450 545 510 inlitis.
590 450 777 514 adversantur
794 451 1012 528 phalangiorum
1032 451 1093 509 icti·

100 535 169 611 bus,
186 537 301 594 aconito
318 550 389 593 vero
403 534 492 592 maius
507 534 617 593 aizoum
640 535 806 612 praecipue.
852 553 868 594 a
889 533 1093 613 scorpionibus

100 635 216 696 quoque
232 616 383 677 habentem
398 615 427 675 id
439 616 519 676 lerini
532 626 648 694 negant.
692 616 841 676 medentur
859 628 888 677 et
902 619 1010 678 aurium
1022 617 1072 676 do·
1084 627 1138 683 164

77 702 172 775 slori,
187 701 256 760 item
271 718 356 760 sucus
371 699 539 773 hyoscyami
553 698 700 775 modicus,
722 703 789 759 item
802 699 953 761 Achilleae
978 708 1006 759 et
1026 718 1092 760 cen·

99 786 173 845 tauri
188 784 307 843 minoris
324 791 353 841 et
368 783 552 861 plantaginis,
571 782 731 861 peucedani
745 800 807 843 cum
818 802 942 845 rosaceo
955 794 984 843 et
997 802 1092 844 meeo·
1195 852 1198 857 ,

99 869 164 942 nio,
189 868 269 927 acori
285 884 371 926 sucus
392 883 455 925 cum
470 883 547 925 rosa.
578 869 668 926 omnis
690 864 784 927 autern
808 867 912 946 strigili
933 867 1093 927 calefactus

97 950 270 1027 infunditur,
295 948 452 1024 cotyledon
474 950 558 1009 etiam
578 949 737 1028 purulentis
759 969 822 1010 curn
836 949 961 1011 medulla
977 952 1094 1010 cervina

99 1033 250 1094 calefacta.
294 1031 380 1092 Ebuli
395 1031 501 1091 radicis
518 1033 602 1092 tritae
618 1051 703 1092 sucus
720 1033 809 1095 linteo
829 1035 958 1108 solatus,
982 1052 1050 1093 mox
1065 1036 1092 1093 iu

65 1117 162 1177 rosole
177 1116 311 1177 densatus
328 1125 357 1176 et
377 1133 440 1174 cum
461 1132 534 1193 opus
554 1117 591 1174 sit
607 1117 858 1177 rosaceodilutus
882 1127 911 1177 et
935 1116 1093 1177 calefactus

99 1200 256 1279 parotidas,
272 1198 449 1273 verbenaca,
464 1199 531 1257 item
545 1199 681 1277 plantago
697 1208 789 1276 sanat,
806 1202 873 1260 item
889 1201 1014 1260 sideritis
1031 1218 1093 1260 curu

98 1284 221 1360 axungia
236 1292 348 1342 vetere.

160 1367 264 1446 (104.)
292 1365 409 1426 Narium
427 1383 562 1425 ozaeuam
579 1366 711 1424 emendat
731 1363 916 1425 aristolochia
934 1382 997 1424 cum
1022 1383 1070 1440 cv·
1086 1375 1135 1430 165

119 1467 180 1510 ero.

63 1468 115 1591 asp
159 1532 265 1611 (105.)
287 1531 427 1592 Dentibus
443 1530 570 1591 remedio
588 1540 652 1591 sunt
675 1531 792 1610 panacis
814 1529 896 1591 radix
920 1529 1092 1590 conmandu-

98 1624 172 1691 cata,
194 1618 350 1693 praecipue
366 1615 531 1690 Chironiae,
547 1617 615 1675 item
631 1633 717 1675 sucus
736 1614 906 1688 conlutibus,
922 1613 1005 1673 radix
1023 1613 1093 1688 hvo-

96 1698 205 1774 scyami
230 1718 267 1759 ex
287 1707 371 1759 aceto
397 1697 580 1775 manducata,
606 1701 674 1759 item
691 1698 887 1758 Polemoniae.
922 1696 1093 1756 conmandu-

97 1791 197 1843 cantur
211 1792 240 1842 et
257 1782 430 1861 plantaginis
448 1779 539 1856 radix,
556 1791 603 1842 aut
622 1781 793 1842 conluantur
807 1781 835 1840 iu
850 1789 934 1841 aceto
950 1779 1092 1840 decoctae

96 1880 179 1926 suco.
212 1874 241 1925 et
261 1865 332 1926 lolia
353 1884 420 1925 esse
449 1864 533 1940 utile,
561 1865 609 1924 vel
635 1868 659 1924 si
680 1866 819 1942 sanguine
836 1865 971 1940 gingivae
997 1873 1093 1942 putre·

61 1965 87 2006 au
99 1958 190 2009 scant.
225 1947 273 2008 vel
289 1966 389 2009 semen
404 1947 532 2007 eiusdem
548 1956 729 2026 apostemata
744 1957 772 2007 et
788 1946 981 2007 collectiones
997 1947 1092 2023 gingi-

97 2049 195 2092 varum
215 2040 304 2092 sanat.
335 2031 372 2092 Et
387 2029 573 2091 aristolochia
587 2031 720 2106 gingivas
745 2030 896 2107 dentisque
913 2030 1071 2103 confirmat,
1085 2039 1136 2094 166

95 2114 258 2175 verbenaca
276 2133 339 2174 cum
356 2114 454 2174 radice
472 2113 696 2174 conmanducata
712 2122 740 2172 et
756 2114 896 2173 decoctae
913 2131 950 2171 er
964 2113 1030 2171 vino
1047 2120 1094 2171 aut

96 2208 180 2259 aceto
196 2216 283 2257 sucus
303 2197 450 2273 conlutus‚
473 2198 540 2258 item
563 2196 742 2276 quinquefoli
758 2196 873 2256 radices
895 2195 1036 2255 decoctae
1058 2194 1094 2254 ad

96 2283 196 2341 tertias
212 2282 279 2341 vino
295 2290 342 2341 aut
363 2289 459 2342 aceto.
491 2281 673 2360 priusquam
694 2279 872 2359 decoquatur
890 2297 964 2358 aqua
984 2281 1093 2339 marina

61 2374 144 2424 tsaut
162 2365 239 2424 salsa
257 2363 378 2425 lavatur.
424 2365 578 2425 decoctum
594 2364 640 2422 diu
656 2363 809 2422 tenendum
824 2365 852 2422 in
870 2380 932 2426 ore,
979 2362 1093 2440 quidam

98 2449 196 2508 cinere
211 2447 391 2526 quinquefoli
405 2448 512 2508 fricare
528 2447 644 2505 malunt.
683 2445 721 2504 Et
742 2445 875 2505 verbasci
896 2444 978 2503 radix
1003 2446 1092 2505 deco·

96 2533 191 2611 quitur
207 2532 235 2590 in
250 2531 316 2590 vino
331 2530 369 2590 ad
385 2527 566 2589 conluendos
580 2528 682 2603 dentis,
701 2536 730 2587 ct
746 2527 859 2605 hysopo
876 2527 1048 2586 conluantur
1063 2535 1093 2585 et

95 2612 257 2694 peucedani
273 2629 344 2671 suco
365 2630 427 2671 oum
443 2611 576 2670 meconio
599 2609 646 2669 vel
667 2609 793 2668 radicum
810 2608 980 2686 anagallidis
1000 2611 1092 2686 magis

94 2699 220 2758 feminae
236 2712 307 2754 suco
324 2693 360 2754 ab
377 2695 469 2754 altera
486 2711 555 2753 nare
572 2710 655 2772 quam
670 2691 768 2752 doleat
781 2693 887 2752 iuluso.

61 2792 87 2835 so
161 2778 265 2858 (106.)
283 2777 428 2854 Erigeron
439 2795 456 2837 a
468 2778 575 2837 nostris
586 2783 707 2836 vocatur
719 2778 848 2836 senecio.
870 2775 980 2835 hancei
992 2776 1071 2835 reno
1084 2785 1135 2840 167

97 2865 344 2941 circumscriptam
361 2861 479 2922 effodiat
494 2861 597 2938 aliquis
613 2867 767 2937 tangatque
780 2878 815 2920 ea
828 2859 944 2920 dentem
961 2869 990 2918 et
1006 2859 1092 2919 alter·

95 2947 140 3007 nis
156 2954 201 3006 ter
213 2946 334 3024 despuat
346 2964 381 3006 ac
390 2953 512 3024 reponat
526 2946 554 3002 iu
566 2943 686 3004 eundem
698 2942 793 3003 locum
805 2945 844 3004 ita
859 2952 889 3002 ut
900 2944 978 3003 vivat
991 2942 1091 3018 herba,

96 3031 175 3090 aiunt
193 3029 305 3090 dentem
322 3047 385 3089 eum
399 3038 503 3108 postea
518 3045 576 3087 non
590 3027 753 3087 doliturum.
777 3026 867 3088 herba
884 3036 928 3086 est
943 3027 1093 3103 trixaginis

96 3115 197 3191 specie
215 3123 244 3173 et
260 3113 390 3188 mollitia,
409 3111 558 3172 cauliculis
573 3108 804 3171 subrubicundis.
826 3112 952 3171 nascitur
966 3111 994 3169 in
1010 3119 1092 3186 tegu-

62 3195 134 3255 stlis
151 3204 180 3256 et
197 3197 336 3255 inmunis.
363 3195 420 3255 hoo
435 3212 540 3255 nomen
555 3193 657 3254 Graeci
673 3193 824 3269 dederunt,
842 3196 907 3272 quia
924 3210 993 3253 vere
1008 3210 1092 3253 cane-

97 3279 162 3339 scit.
197 3288 283 3358 caput
300 3281 361 3339 eius
376 3295 529 3339 numerosa
545 3276 679 3337 dividitur
693 3277 846 3354 lanugine,
868 3277 961 3354 qualis
978 3285 1022 3335 est
1034 3276 1091 3353 spi-

97 3381 161 3438 nae,
177 3364 251 3423 iuter
266 3363 406 3423 divisuras
422 3369 564 3438 exeunte,
585 3377 674 3438 quare
691 3357 883 3420 Callimachus
903 3377 966 3418 eam
988 3367 1137 3422 acan-168

97 3444 175 3505 thida
183 3447 352 3525 appellavit,
366 3446 415 3506 alii
424 3462 558 3523 pappum.
575 3441 871 3504 necdeindeGraecis
881 3442 1110 3500 deeaeonetm.

146 3549 216 3588 anun.
232 3550 295 3589 uer.
312 3549 380 3588 nrsr.
395 3533 443 3588 lv.
