2400 3840
135 186 195 249 142
469 197 773 249 c.1>n1u1sncnnn1

132 372 225 434 usque
248 355 314 416 dnm
336 353 460 414 sudores
481 363 589 414 evocet
608 355 710 414 iterum
725 362 755 412 et
776 355 891 413 tertium
911 354 950 414 ita
977 370 1016 414 uc
1040 354 1132 416 sudor

133 439 273 499 abluatur.
425 446 428 451 “

89 531 143 587 13·
199 522 282 602 (49.)
303 521 505 600 llryopbonon
524 521 623 579 similis
645 519 735 581 herba
758 529 803 580 ost
822 520 973 582 cauliculis
995 522 1130 583 tenuibus

133 605 315 683 cubitalibus,
332 605 513 665 circumdatis
529 606 670 682 utrimque
685 603 765 664 loliis
786 605 920 684 pollicari
944 605 1129 684 amplitudine

132 688 226 767 qualia
244 691 457 766 oxymyrsiues,
475 688 528 748 sed
542 686 757 747 candidioribus
780 688 1037 768 mollioribusqoc‚
1054 690 1152 751 dores

132 772 253 833 candido
269 772 378 833 sabuci.
408 771 496 831 edunt
510 771 670 831 cauliculos
685 771 838 847 decoctos,
855 774 965 832 semine
980 790 1050 832 vero
1066 776 1130 835 cius

131 874 186 936 pro
200 859 305 935 pipere
320 864 443 915 utuntur.

88 949 124 1005 74
196 941 281 1019 (50.)
304 938 418 998 Ε155155
434 939 505 999 15115
519 937 607 999 habet
622 939 862 1019 casine,·pusilla,
876 941 981 1019 pilosa,
996 941 1128 1019 rotunda,

131 1021 355 1101 semipedalibus
370 1022 487 1082 ramulis
502 1023 594 1102 quinis
609 1023 724 1083 senisve
743 1041 760 1084 a
776 1024 874 1084 radice
894 1027 988 1084 statim
1002 1024 1127 1085 foliosis.

131 1107 257 1166 nascitur
270 1108 299 1165 in
315 1114 435 1183 segete,
463 1105 568 1167 acerba
582 1115 670 1183 gustu
687 1116 716 1166 et
739 1107 805 1167 ideo
824 1107 1127 1169 oculorumlluctioni-
1139 1125 1163 1166 to

131 1190 185 1250 bus
198 1190 303 1250 eilicax
320 1190 399 1250 ioliis
416 1208 480 1249 cum
496 1191 614 1269 polenta
627 1191 701 1250 tritis
722 1200 752 1250 et
768 1191 918 1270 inpositis,
928 1190 1054 1252 ¹subdito
1075 1192 1127 1252 lin·

130 1273 222 1334 teolo.
255 1274 356 1334 eadem
376 1292 439 1334 oum
455 1275 505 1335 lini
521 1275 630 1335 semine
648 1282 732 1335 cocta
747 1275 914 1335 sorbitionis
933 1293 987 1334 nso
1000 1275 1127 1350 dysinte-

130 1359 173 1418 ria
189 1358 304 1418 liberat.
741 1380 744 1384 ’
770 1372 773 1377 ’

88 1450 122 1506 ts
200 1442 286 1521 (51.)
306 1442 472 1521 Empetros,
490 1460 573 1520 quem
587 1442 679 1501 nostri
695 1441 881 1519 calcifragam
896 1451 1017 1518 vocant,
1033 1445 1127 1504 nesci·

130 1535 176 1587 tor
188 1529 217 1585 in
231 1527 373 1586 montibus
391 1527 552 1601 maritimis,
573 1526 638 1585 iere
658 1525 687 1583 in
707 1542 789 1586 saxo.
819 1544 893 1603 quae
913 1528 1032 1605 propius
1056 1529 1164 1589 marias

130 1610 183 1669 luit
198 1609 276 1669 salsa
297 1619 342 1669 est
356 1619 483 1688 potaque
497 1610 585 1668 trahit
599 1607 687 1668 bilem
709 1627 745 1668 ac
766 1611 899 1689 pituitas,
923 1627 998 1690 quae
1013 1611 1128 1688 longius

128 1694 279 1770 magisque
302 1701 417 1752 terrena
441 1693 564 1752 amarior
583 1693 713 1751 sentitur.
756 1692 842 1753 trabit
862 1710 981 1771 aquam,
1009 1696 1128 1755 sumitur

130 1784 225 1836 autem
240 1777 268 1834 in
288 1776 349 1834 iure
371 1776 468 1854 aliquo
488 1784 519 1834 ut
533 1775 744 1852 hydromelite,
766 1785 911 1836 vetustate
931 1777 1000 1837 viris
1022 1777 1127 1857 perdit,

130 1877 237 1919 recens
251 1860 346 1919 urinas
363 1859 420 1918 ciet
435 1859 588 1919 decoctum
608 1861 637 1919 in
658 1876 732 1939 aqua
752 1860 800 1919 vel
823 1860 917 1918 tritum
938 1862 1127 1940 calculosque

129 1944 243 2020 trangit.
276 1943 324 2023 qui
338 1943 423 2003 iidem
436 1944 580 2022 promisso
597 1943 663 2003 huic
678 1951 828 2020 quaerunt,
844 1943 993 2004 adfirmant
1009 1944 1125 2024 lapillos
1135 1961 1164 2010 so

131 2029 179 2106 qui
197 2027 404 2087 sublerveliant
421 2042 477 2086 555
495 2030 597 2106 rumpi.

86 2118 122 2174 76
196 2112 280 2192 (52.)
302 2109 451 2189 Epicactis
466 2109 501 2170 ab
519 2111 584 2171 eliis
601 2109 761 2170 elleborine
772 2119 903 2186 vocatur,
923 2128 1013 2190 parva
1026 2109 1127 2186 berba,

132 2195 245 2270 exiguis
259 2194 347 2270 loliis,
359 2194 496 2254 iocineris
510 2196 586 2253 vitiis
598 2194 746 2254 utilissima
761 2203 791 2254 et
806 2203 906 2254 contra
919 2211 1033 2255 venena
1048 2206 1127 2272 pota.

194 2276 277 2356 (53.)
300 2272 471 2354 Epimedion
495 2277 584 2337 caulis
606 2286 651 2336 est
675 2294 732 2336 555
758 2294 879 2355 magnus
900 2277 1026 2338 hederae
1048 2278 1127 2338 loliis

130 2359 212 2420 denis
230 2368 316 2438 atque
331 2359 488 2435 duodenis,
505 2378 657 2438 numquam
671 2361 798 2436 boreus,
814 2361 913 2422 radice
927 2362 1016 2437 tenui,
1031 2363 1125 2438 nigra,
1136 2378 1162 2418 ss

129 2445 210 2523 gravi
231 2444 332 2521 odore,
347 2454 376 2505 55
393 2446 422 2504 15
435 2445 538 2504 umidis
553 2445 694 2522 nascitur,
716 2454 746 2505 et
761 2444 828 2504 huic
845 2444 987 2523 spissandi
1002 2443 1125 2521 refrige-

128 2526 267 2607 randique
282 2538 393 2605 natura,
409 2529 521 2588 leminis
536 2529 675 2589 cavenda.
701 2528 772 2588 lolia
784 2530 813 2586 in
827 2529 894 2588 uiuo
907 2529 972 2588 trita
984 2528 1128 2605 virginum

128 2629 263 2674 mammas
280 2612 425 2673 cohibent.
1051 2613 1054 2616 ⁴

86 2704 120 2762 77
198 2695 283 2776 (54.)
303 2695 524 2775 Enneaphyllon
540 2695 628 2773 longa
649 2695 719 2755 lolia
738 2712 851 2755 novena
872 2693 960 2755 babet
981 2696 1128 2754 causticae

130 2787 259 2839 naturae.
290 2781 435 2858 inponitur
449 2779 514 2838 lana
529 2779 731 2841 circumdatum
745 2796 782 2837 55
797 2787 861 2838 5555
876 2778 971 2854 155155,
989 2778 1126 2838 55551555
1137 2791 1164 2834 so

130 2863 204 2920 enim
221 2863 337 2941 pusulas
349 2863 472 2936 excitat,
488 2862 648 2924 lumborum
659 2861 810 2922 doloribus
825 2871 855 2922 et
870 2862 1060 2923 coxendicum
1074 2863 1127 2921 uti·

128 2944 277 3004 lissimum.

86 3037 122 3093 ta
192 3028 277 3107 (55.)
299 3027 409 3088 Felicis
428 3030 484 3090 duo
501 3049 610 3108 genera
625 3048 680 3091 nec
695 3029 796 3090 dorem
816 3029 923 3090 habent
944 3047 1000 3089 nec
1016 3045 1126 3089 semen.

130 3114 233 3191 pterim
248 3123 354 3172 vocant
371 3113 483 3191 Graeci,
500 3114 549 3174 5111
562 3113 717 3190 blacbnoc,
733 3114 814 3172 cuius
827 3132 864 3173 ex
878 3131 933 3173 555
945 3111 1044 3173 551155
1057 3129 1126 3172 con-

129 3195 228 3274 plures
247 3206 355 3257 5555555
373 3198 476 3275 1511555
495 3197 561 3257 bina
584 3199 668 3256 etiam
691 3195 786 3257 cubita
808 3196 986 3257 excedentes
1003 3195 1165 3273 longitu-ao

131 3279 213 3355 dine,
235 3297 292 3340 555
310 3298 416 3358 graves
440 3281 541 3341 odore.
573 3280 647 3340 banc
667 3297 775 3341 marem
797 3281 969 3341 existimant.
1006 3280 1128 3341 alterum

129 3382 222 3441 genus
242 3364 427 3443 thelypterim
440 3365 544 3426 Gracci
558 3373 674 3441 vocant,
689 3364 738 3424 alii
749 3364 939 3443 nymphaeam
953 3365 1067 3441 pterim,
1081 3371 1128 3422 est

130 3457 224 3507 autem
246 3449 400 3524 singularis
414 3457 500 3527 atque
523 3464 579 3509 555
596 3448 753 3524 fruticosa,
774 3447 892 3508 brevior
906 3448 1082 3525 molliorque
1098 3453 1128 3505 et
