2400 3840
154 194 213 256 180
493 203 522 251 c.
539 202 634 251 amm
652 201 801 250 saeuum

152 362 267 440 patinis,
292 359 444 439 splenicis,
464 375 618 418 nervorum
632 356 718 431 vitio,
740 354 830 415 febris
845 354 1034 432 habentibus,
1054 359 1144 418 uerti·

149 446 224 521 gini,
247 451 446 522 praeterquam
468 441 648 519 purgationis
667 440 776 516 gratia,
802 438 968 516 gravedini,
996 443 1142 502 tussienti-

149 528 217 604 bus,
240 527 335 604 lippis.
379 525 492 584 suillum
514 524 691 583 utilissimum
713 532 862 599 tenesmo,
888 521 1065 596 dysinteriae
1087 543 1145 585 neo

149 627 206 669 non
222 609 382 688 phtbisiois.
414 609 471 667 hoc
486 616 515 667 et
529 606 697 668 mulieribus
712 604 930 665 saluberrimum
947 607 995 683 qui
1011 607 1144 668 dicerent

151 693 274 753 luerunt.
1156 712 1167 750 c

106 787 156 840 131
219 776 303 854 (34.)
326 773 370 833 De
385 774 540 850 generibus
556 788 707 832 caseorum
724 771 860 848 diximus,
878 790 941 831 cum
954 772 990 830 de
1006 771 1143 833 uberibus

107 856 183 943 ¹233&
197 858 377 934 singulisque
400 856 535 915 membris
557 855 716 915 animalium
739 855 911 915 diceremus.
941 856 1057 915 Sextius
1078 873 1143 917 oos-

149 943 213 1002 dem
231 940 352 999 effectus
371 941 475 1016 equino
490 957 562 1018 quos
577 937 684 998 bubulo
701 938 795 998 tradit.
829 939 904 998 bunc
917 947 1025 998 vocant
1041 939 1143 1020 hippa-

148 1042 212 1083 cen.
237 1021 385 1082 stomacbo
398 1023 483 1082 utiles
496 1025 543 1100 qui
554 1039 612 1081 non
623 1032 687 1081 sunt
699 1021 779 1098 salsi,
795 1022 823 1080 id
840 1031 885 1081 est
895 1031 1040 1081 recentes.
1062 1032 1142 1083 vate·

147 1124 195 1165 res
212 1106 307 1166 alvom
322 1106 423 1165 sistunt
440 1124 604 1185 corpusque
618 1106 759 1180 minuunt,
781 1105 929 1165 stomacho
945 1106 1090 1184 utiliores,
1113 1117 1176 1167 etro

106 1199 158 1253 lau
169 1191 197 1248 in
212 1199 299 1249 totum
315 1189 391 1249 salsa
409 1191 534 1249 minuunt
550 1207 666 1266 corpus,
685 1188 761 1248 alunt
777 1188 884 1248 mollia.
917 1207 1021 1249 caseus
1036 1208 1143 1250 reeens

148 1291 211 1333 cum
236 1272 322 1332 melle
347 1272 501 1350 suggillata
523 1273 671 1349 emendat,
699 1271 793 1331 mollis
817 1271 911 1331 alvom
937 1274 1029 1350 sistit,
1059 1274 1143 1333 sedat

147 1358 267 1416 tormina
284 1356 407 1434 pastillis
425 1358 452 1415 in
467 1357 535 1416 rino
551 1365 666 1417 austero
682 1355 813 1415 decoctis
829 1374 987 1433 rursusque
1001 1357 1029 1415 in
1046 1359 1141 1436 patina

146 1444 230 1501 tostis
249 1459 312 1500 oum
328 1440 424 1500 melle.
453 1458 568 1518 saprum
583 1449 690 1499 vocant
707 1441 835 1517 quicum
851 1439 913 1498 sale
930 1448 959 1499 et
974 1439 1070 1500 sorbis
1087 1442 1141 1500 sic·

147 1526 190 1584 cis
206 1544 222 1585 e
238 1527 305 1584 vino
323 1527 404 1584 tritus
423 1533 567 1601 potusque
581 1522 713 1583 medetur
729 1523 877 1599 coeliacis,
897 1523 1064 1599 genitalium
1081 1542 1141 1583 car·
1152 1541 1175 1581 ss

146 1607 277 1666 bucculis
293 1608 427 1685 caprinus
441 1608 524 1666 tritus
539 1617 568 1666 et
582 1607 731 1683 inpositus,
746 1607 814 1665 item
826 1606 924 1665 acidus
940 1623 1003 1665 cum
1020 1624 1139 1682 oxyme-

147 1690 207 1749 lite.
237 1689 356 1748 maculis
371 1691 399 1748 in
414 1688 530 1748 balineo
545 1689 641 1748 inlitus
656 1689 723 1749 oleo
735 1689 915 1748 interlinitur.

105 1784 157 1838 133
219 1770 303 1850 (35.)
325 1771 349 1830 Ε
368 1771 444 1831 laeta
459 1773 489 1832 tit
506 1781 535 1831 et
550 1771 699 1848 butyrum,
724 1770 909 1832 barbararum
931 1776 1058 1850 gentium
1080 1775 1140 1835 lau·

147 1857 270 1916 tissimus
286 1854 368 1914 cibus
388 1863 417 1915 ot
434 1858 480 1934 qui
496 1854 600 1915 diuites
623 1873 639 1914 a
663 1854 751 1934 plebe
767 1856 926 1933 discernat,
948 1857 1141 1935 plurumume

146 1939 269 2016 bubulo,
284 1947 312 1999 ot
330 1939 396 1998 indo
410 1956 530 2016 nomen,
554 1940 769 2018 pinguissimum
790 1957 827 1998 ex
849 1939 961 2000 oribus.
995 1941 1025 2001 lit
1047 1952 1076 2001 et
1104 1961 1175 2006 exso

148 2025 279 2102 caprino,
298 2023 349 2082 sed
365 2022 458 2083 bieme
477 2023 621 2083 calefacto
638 2023 731 2098 lacte,
749 2032 860 2082 aestate
876 2041 1019 2102 expresso
1033 2034 1142 2086 tantum

148 2105 251 2166 crebro
266 2107 372 2165 iactatu
395 2108 422 2165 in
438 2107 534 2182 longis
551 2108 639 2184 vasis,
656 2116 777 2183 angusto
792 2107 932 2165 foramine
948 2109 1078 2187 spiritum
1094 2128 1140 2168 ac·

148 2188 320 2268 cipiantibus
342 2189 394 2247 snb
416 2191 480 2268 ipso
509 2206 560 2248 ore
583 2189 653 2248 alias
676 2188 848 2269 praeligato.
891 2189 1002 2250 additur
1026 2192 1141 2272 paulum

105 2283 156 2338 134
167 2289 259 2349 aquae
275 2280 303 2330 ut
318 2281 444 2331 acescat.
470 2272 547 2350 quod
564 2281 609 2333 est
625 2290 755 2331 maxume
768 2282 899 2332 coactum
915 2275 943 2333 in
955 2292 1063 2334 summo
1079 2276 1140 2336 ilui-

146 2364 196 2431 tat,
211 2353 238 2414 id
251 2363 412 2435 exemptum
425 2355 520 2416 addito
534 2356 594 2415 sale
610 2356 734 2433 oxygala
748 2356 904 2436 appellant.
932 2358 1075 2437 reliquom
1091 2360 1140 2419 de·
1150 2375 1174 2414 as

149 2447 253 2499 cocunt
278 2440 306 2497 in
336 2438 412 2499 ollis.
443 2439 483 2498 ibi
506 2439 582 2519 quod
604 2449 771 2519 supernatat
792 2439 922 2514 butyrum
943 2451 989 2501 est
1008 2442 1141 2504 oleosum

146 2532 256 2583 natura.
288 2540 344 2600 quo
359 2524 451 2599 magis
476 2524 556 2582 virus
576 2525 679 2601 resipit
698 2523 755 2582 hoo
777 2525 968 2604 praestantius
990 2525 1140 2587 iudicatur.

145 2605 275 2684 pluribus
296 2607 543 2685 conpositionibus
562 2609 698 2667 miscetur
719 2608 916 2666 inveteratum.
953 2617 1054 2670 natura
1079 2613 1140 2670 eius

146 2688 336 2765 adstringere,
351 2689 475 2766 mollire,
489 2691 615 2768 replere,
632 2708 767 2768 purgare.

104 2782 155 2836 135
215 2771 299 2850 (36.)
320 2770 453 2848 Oxygala
468 2774 499 2832 lit
515 2783 543 2832 et
557 2775 615 2834 alio
630 2773 727 2848 modo,
745 2775 828 2834 acido
844 2775 921 2834 lacte
936 2775 1033 2836 addito
1051 2778 1080 2835 in
1094 2796 1139 2837 re·
1150 2792 1173 2834 ao

148 2871 218 2911 cens
234 2855 311 2928 quod
327 2855 401 2913 velis
415 2856 602 2931 inarescere,
625 2857 804 2917 utilissimum
819 2859 980 2920 stomacho.
1017 2861 1140 2920 effectus

146 2935 273 2995 dicemus
288 2936 346 2994 suis
361 2937 443 2995 locis.

219 3017 303 3096 (37.)
326 3018 467 3080 Proxuma
487 3023 515 3080 in
536 3022 731 3081 communibus
750 3024 828 3104 adipi
850 3026 913 3086 laus
931 3036 992 3104 ost,
1011 3028 1063 3087 sed
1081 3047 1138 3089 ma·

145 3120 231 3162 nume
246 3101 349 3179 suillo,
374 3104 449 3182 apud
471 3105 605 3183 antiquos
629 3106 712 3166 etiam
735 3107 910 3185 religiosius.
942 3119 1022 3170 certe
1044 3129 1138 3172 novae

144 3194 251 3264 nuptae
265 3186 403 3246 intrantes
425 3189 575 3247 etiamnum
593 3189 733 3249 sollemne
756 3191 862 3252 habent
883 3195 976 3271 postis
998 3211 1035 3253 eo
1056 3199 1172 3255 attin-ss

146 3287 228 3345 gere.
251 3270 427 3330 inveteratur
442 3270 553 3330 duobus
568 3273 670 3350 modis,
688 3292 750 3332 oum
766 3276 827 3335 sale
840 3286 887 3336 aut
898 3278 1040 3355 sincerus,
1057 3288 1137 3339 tanto

104 3363 155 3416 136
163 3352 260 3412 utilior
276 3363 380 3432 quanto
396 3355 432 3414 sit
446 3357 595 3414 vetustior.
626 3356 789 3434 Axungiam
806 3357 908 3419 Graeci
932 3364 1016 3420 etiam
1035 3363 1136 3440 appel·

145 3435 244 3494 lavere
264 3440 318 3496 iam
340 3441 368 3496 in
391 3438 581 3499 voluminibus
603 3441 671 3504 suis.
717 3459 812 3518 neque
834 3452 878 3501 est
901 3445 1015 3505 occulta
1035 3447 1137 3506 virium
