2400 3840
123 164 163 233 34
479 176 508 224 c.
525 176 621 222 rnrnr
636 175 784 223 sncunnx

80 342 82 345 ’
125 329 208 392 cialia
224 339 254 390 ot
269 331 416 390 brassicae
430 348 493 389 cum
508 331 569 389 rite
587 328 664 406 odia,
681 325 774 406 ipsum
795 326 858 389 olus
880 344 938 405 quo
953 330 1021 388 vitis
1039 329 1121 408 iuga-

95 423 170 478 ttur
188 413 339 474 adversum
354 413 512 490 cyclamino
529 421 559 471 et
577 413 697 489 origano
710 413 824 470 arescit.
857 412 970 489 quinat
993 429 1121 475 annosas

125 501 180 558 iam
198 506 227 557 ot
244 515 318 574 quae
333 504 498 557 sternantur
515 495 637 556 arbores
654 494 799 555 difficilius
811 494 905 570 caedi,
920 493 1047 555 celerius
1060 496 1121 556 ina-

124 599 245 641 rescere
262 580 391 656 tradunt,
406 581 430 639 si
448 580 528 656 prius
544 596 627 638 manu
644 594 727 655 quam
746 579 827 638 ierro
850 579 1034 654 attingantur.
1065 596 1120 658 po·

124 681 234 725 morum
254 681 343 724 onera
359 663 521 722 aiumeutis
538 663 632 721 statim
653 662 754 720 sentiri
776 678 825 736 ac,
848 663 903 721 nisi
923 663 1002 738 prius
1020 670 1146 726 osten-5

125 746 227 807 dantur
242 748 297 824 his,
315 747 444 825 quamvis
460 761 550 824 pauca
564 752 694 824 portent,
709 743 813 804 sudare
825 742 903 804 ilico.
933 743 1044 804 ferulae
1062 748 1118 806 asi-

124 833 168 890 nis
185 831 351 908 gratissimo
375 837 441 888 sunt
465 830 494 889 in
517 828 642 907 pabulo,
659 828 767 888 ceteris
788 843 860 887 vero
876 827 1010 887 iumentis
1033 845 1118 908 prae-

124 923 265 974 sentaneo
285 930 411 990 veneno,
427 929 482 991 qua
493 910 530 971 de
542 930 627 971 caasa
638 911 667 970 id
678 910 779 970 animal
786 909 895 970 bibero
903 911 977 988 patri
986 911 1118 988 adsigna·

98 1005 171 1062 3tur
188 998 233 1054 cui
253 1003 284 1056 et
307 995 408 1054 ferula.
426 995 526 1054 Surdis
539 998 624 1054 etiam
641 1010 737 1055 rerum
750 1010 801 1053 sua
813 995 988 1072 cuiquesunt
1003 1011 1117 1055 venena

125 1096 159 1139 ac
174 1079 305 1138 minumis
322 1094 448 1157 quoque.
486 1078 599 1156 philyra
621 1078 685 1136 coci
707 1085 739 1137 et
763 1075 873 1155 polline
893 1077 1008 1136 nimium
1023 1076 1151 1144 salemro

125 1162 200 1223 cibis
216 1164 359 1237 eximunt,
378 1160 574 1241 praedulcium
590 1159 733 1220 iastidium
750 1159 792 1219 sal
804 1167 955 1238 temperat.
984 1160 1116 1222 nitrosae

125 1254 173 1305 aut
196 1263 308 1306 amarae
334 1263 426 1323 aquae
449 1244 570 1324 polenta
592 1243 686 1303 addita
702 1244 884 1320 mitigantur,
907 1249 937 1305 ut
954 1243 1030 1304 iutra
1045 1243 1115 1306 duas

125 1328 213 1388 horas
240 1329 300 1388 bibi
324 1331 455 1406 possint,
476 1345 531 1407 qua
553 1327 589 1388 de
607 1343 693 1387 causa
708 1335 739 1386 et
755 1329 785 1385 in
806 1343 907 1387 saccos
922 1328 1051 1387 vinarios
1067 1328 1116 1388 ad·

122 1413 201 1473 ditur
212 1413 340 1492 polenta.
360 1411 462 1473 similis
477 1413 522 1471 vis
537 1410 669 1471 Rhodiae
684 1416 782 1470 cretae
800 1418 830 1470 et
845 1409 966 1488 argillae
981 1412 1112 1471 nostrati.

124 1494 288 1558 Concordia
311 1495 424 1574 valent,
450 1513 512 1555 cum
526 1497 577 1574 pix
598 1494 666 1555 olto
683 1493 859 1570 extrahitur,
878 1493 988 1571 quaudo
1005 1502 1112 1554 utrum·
1124 1515 1148 1556 ro

124 1598 180 1657 que
194 1580 310 1658 pinguis
325 1586 444 1639 naturae
458 1586 512 1637 est.
540 1577 636 1638 oleum
647 1576 741 1637 solum
755 1576 826 1637 calci
838 1578 987 1653 miscetur,
999 1578 1113 1655 quando

124 1670 276 1739 utrumque
302 1678 390 1738 aquas
415 1662 484 1720 odit.
518 1663 634 1720 cummis
656 1667 740 1720 aceto
761 1660 873 1723 iacilius
896 1659 1018 1737 eluitur,
1039 1669 1114 1721 atra-

123 1754 249 1804 mentum
268 1762 357 1821 aqua,
384 1747 530 1804 innumera
554 1751 709 1822 praeterea
728 1743 783 1802 alia
806 1762 880 1823 quae
903 1744 962 1803 suis
980 1742 1055 1804 locis
1073 1744 1113 1804 di·

94 1835 226 1892 arentur
242 1827 368 1886 adsidue.
403 1825 477 1886 Hinc
494 1835 558 1886 nata
573 1827 720 1887 medicina.
753 1826 826 1887 haec
840 1826 903 1888 sola
919 1834 1036 1888 naturae
1051 1827 1118 1906 pta«

124 1919 224 1970 cuerat
248 1929 315 1970 esse
337 1911 463 1970 remedia
486 1919 584 1990 parata
606 1910 716 1987 volgo,
740 1912 859 1970 inventu
880 1909 975 1970 iacilia
997 1928 1030 1971 ac
1044 1912 1146 1971 sinen

123 1990 261 2071 inpendio
289 2000 319 2053 et
347 1995 449 2072 quibus
475 1995 605 2053 vivimus.
648 2001 752 2072 postea
775 1994 891 2053 iraudes
917 1993 1060 2054 hominum
1082 2003 1111 2054 et

123 2080 308 2155 ingeniorum
334 2086 471 2157 capturae
494 2078 623 2138 officinas
640 2079 781 2137 invenere
797 2078 867 2136 istas
890 2078 918 2136 in
939 2077 1042 2154 quibus
1059 2095 1111 2137 sua

123 2163 227 2242 cuique
242 2160 349 2219 homini
365 2161 476 2220 venalis
491 2162 667 2238 promittitur
682 2162 747 2220 vita.
780 2161 875 2219 statim
889 2159 1109 2238 conpositiones

94 2252 154 2310 5et
174 2245 315 2302 mixturae
332 2242 554 2322 inexplicabiles
572 2243 773 2320 decantantur,
797 2243 906 2303 Arabia
926 2251 1012 2320 atque
1030 2243 1110 2303 ludia

123 2327 152 2385 in
175 2327 272 2386 medio
295 2327 498 2404 aestimantur,
522 2325 670 2404 ulcerique
692 2344 782 2404 parvo
803 2327 942 2386 medicina
970 2344 986 2386 a
1007 2324 1109 2387 Rubro
1118 2351 1143 2392 as

122 2410 193 2469 mari
211 2409 374 2488 inputatur,
391 2428 454 2470 cum
469 2409 596 2470 remedia
612 2428 683 2469 vera
699 2411 805 2470 cotidie
817 2412 1016 2488 pauperrimus
1032 2412 1109 2489 quis-

121 2512 178 2572 que
195 2501 290 2554 cenet.
322 2496 425 2553 namsi
443 2493 582 2554 exhorta
604 2502 756 2572 petantur,
777 2502 825 2553 aut
840 2492 930 2553 herba
946 2493 995 2553 vel
1009 2493 1109 2554 frutex

121 2585 292 2655 quaeratur,
308 2577 384 2637 nulla
401 2579 503 2638 artium
518 2577 605 2637 vilior
620 2577 675 2637 liat.
710 2578 748 2636 ita
765 2584 810 2636 est
827 2576 978 2653 proiecto,
1001 2579 1109 2654 magni-

122 2661 189 2721 tudo
210 2661 310 2741 populi
335 2663 460 2740 perdidit
475 2664 565 2738 ritus,
590 2661 790 2737 vincendaque
803 2661 871 2719 victi
890 2678 994 2720 sumus.
1025 2677 1108 2738 paro·

120 2762 182 2803 mus
200 2746 349 2820 externis,
367 2752 396 2804 et
413 2762 469 2804 una
484 2745 584 2804 artium
605 2743 828 2822 imperatoribus
851 2760 966 2821 quoque
985 2745 1141 2821 impera-ac

121 2835 234 2886 verunt.
270 2845 370 2885 verum
385 2826 421 2886 de
443 2826 487 2886 his
502 2825 573 2885 alias
592 2826 682 2904 plura.
922 2890 927 2904 ,

93 2922 110 2976 6
166 2909 193 2969 2.
217 2907 277 2988 (2.)
307 2908 401 2969 hoton
413 2908 530 2969 herbam
542 2910 668 2986 itemque
682 2908 859 2987 Aegyptiam
872 2909 976 2972 eodem
990 2913 1106 2970 nomino

79 2989 150 3078 Ἥ
162 2992 232 3051 alias
250 3000 281 3051 et
297 2991 437 3068 Syrticam
451 2992 586 3051 arborem
601 2991 721 3051 diximus
737 2994 797 3052 suis
814 2992 895 3053 locis.
927 2993 1000 3054 haec
1014 2993 1106 3071 lotos,

120 3094 194 3155 quae
210 3074 275 3135 laha
291 3073 401 3135 Graeca
417 3075 609 3154 appellatura
624 3077 743 3152 nostris,
759 3076 853 3136 alvom
866 3076 945 3137 baois
960 3078 1044 3137 sistit.
1061 3094 1106 3138 ra·

119 3166 214 3220 menta
231 3158 301 3235 ligni
314 3157 435 3219 decocta
451 3161 480 3219 in
495 3160 562 3218 vino
581 3169 701 3238 prosunt
714 3159 917 3237 dysintericis,
938 3161 1104 3238 menstruis,
1115 3180 1139 3222 aa

120 3245 268 3322 vertigini,
285 3241 493 3319 comitialibus,
512 3243 649 3303 cohihent
672 3251 702 3303 et
715 3243 855 3322 capillum.
886 3245 986 3303 miram
999 3242 1045 3302 his
1061 3261 1106 3303 ra-

120 3330 223 3390 mentis
245 3326 315 3387 nihil
332 3345 399 3387 esse
422 3328 543 3386 amarius
565 3327 715 3405 fructuque
734 3326 852 3387 dulcius.
885 3326 916 3385 iit
931 3335 960 3386 et
977 3346 994 3387 e
1012 3327 1104 3387 scobe

121 3415 183 3473 eius
199 3411 434 3482 medicamentum
448 3429 486 3471 ax
497 3427 568 3487 aqua
584 3414 667 3487 myrti
683 3410 813 3487 decocta,
832 3410 950 3470 subacta
968 3418 998 3470 et
1012 3409 1106 3471 divisa
