2400 3840
144 165 203 224 110
483 177 512 224 c.
530 178 625 241 amru
643 177 792 225 saccum

98 344 131 394 55
206 329 290 410 (35.)
313 331 419 391 Alvom
436 340 557 410 purgant
580 331 759 408 anagallides
783 351 820 390 ex
840 351 915 410 aqua
937 331 1041 409 mulsa,
1064 334 1134 393 item

140 414 324 491 epithymum,
341 417 388 493 qui
404 423 449 474 est
466 415 520 475 llos
535 414 660 489 ethymo
676 417 819 475 satureiae
836 415 929 475 simili.
961 415 1132 494 differentia,

139 496 215 575 quod
229 497 275 557 hic
286 497 448 558 herbaceus
463 507 516 576 est,
525 498 643 558 alterius
654 498 743 573 thymi
754 497 837 558 albus
850 533 893 544 -
904 498 1017 577 quidam
1028 497 1132 578 hippo·

140 580 238 657 pheon
259 590 364 640 vocant
387 616 428 627 -
449 581 597 641 stomacho
618 583 709 640 minus
730 581 806 641 utilis
827 584 1001 641 vomitiones
1022 592 1131 658 movet,

138 663 190 722 sed
207 665 329 724 tormina
344 672 373 723 et
393 664 553 724 inflationes
575 665 699 725 discutit.
731 667 849 725 sumitur
871 675 900 724 et
919 666 1074 741 ecligmata
1095 666 1159 726 ada

95 757 129 811 56
142 748 271 825 pectoris
287 748 354 806 vitia
373 765 436 806 cum
451 747 536 806 melle
553 757 582 807 et
598 747 750 826 aliquando
766 749 847 809 iride.
888 749 984 808 alvom
1005 747 1094 808 solvit
1115 766 1131 808 a

137 839 271 909 quattuor
289 829 429 890 drachmis
445 831 480 891 ad
503 849 640 890 sexeum
661 831 747 890 melle
771 840 800 890 et
822 833 928 908 exiguo
954 831 1023 891 salis
1045 840 1132 910 atque

138 914 222 972 aceti.
266 913 378 991 quidam
400 913 484 974 aliter
507 915 679 993 epithymum
702 914 815 974 tradunt
837 917 899 974 sine
920 914 1024 975 radice
1040 917 1132 991 nasci,

136 1006 232 1070 tenue,
250 996 431 1056 similitudine
449 997 568 1075 pallioli,
584 997 700 1074 rubens,
723 999 827 1058 siccari
842 999 870 1056 in
888 997 1002 1073 umbra,
1018 996 1078 1057 bibi
1093 1016 1132 1058 ex

136 1096 209 1157 aqua
230 1078 374 1139 acetabuli
395 1089 478 1159 parte
499 1081 627 1159 dimidia,
652 1081 806 1141 detrahere
827 1084 955 1160 pituitam
974 1080 1130 1160 bilemque,
1142 1103 1169 1144 ro

94 1173 126 1228 57
139 1164 205 1222 alvo
222 1161 325 1222 leniter
343 1162 446 1223 soluta.
474 1163 557 1244 (36.)
579 1163 617 1224 Et
631 1164 792 1244 nymphaea
809 1166 837 1224 in
854 1166 921 1224 vino
936 1173 1052 1226 austero
1071 1164 1129 1224 sol-

136 1247 175 1304 vit
193 1254 222 1304 et
240 1263 460 1324 pycnocomon,
482 1267 588 1308 erucae
603 1247 682 1309 foliis
704 1247 894 1309 crassioribus
914 1247 1130 1324 alacrioribus,

135 1329 235 1388 radice
250 1331 380 1409 rotunda,
397 1330 466 1392 lutei
485 1331 612 1409 coloris,
631 1341 736 1393 terram
753 1332 865 1409 olente,
885 1332 968 1392 caule
981 1332 1129 1410 quadrian-

134 1412 217 1490 gulo,
234 1413 358 1492 modico,
375 1417 462 1493 tenui,
478 1415 551 1475 hore
569 1417 665 1475 ocimi.
690 1416 831 1477 inuenitur
847 1417 876 1475 in
893 1417 1018 1475 saxosis.
1048 1414 1130 1474 radix

136 1498 198 1556 eius
220 1497 248 1556 in
269 1516 341 1576 aqua
364 1498 455 1559 mulsa
469 1497 497 1558 X
513 1512 540 1558 11
555 1499 687 1578 pondere
702 1508 730 1558 et
745 1498 840 1559 alvom
857 1508 885 1558 et
897 1499 983 1558 bilem
1002 1507 1030 1558 et
1047 1499 1129 1577 pitui·
1141 1519 1167 1558 rs

135 1589 191 1639 tarn
206 1581 341 1640 exinanit.
373 1600 473 1641 semen
488 1585 596 1642 somnia
611 1582 783 1642 tumultuosa
797 1583 866 1642 lacit
880 1600 935 1641 una
950 1581 1085 1641 drachma
1100 1582 1129 1639 in

134 1665 201 1721 vino
218 1671 333 1739 potum,
356 1673 386 1724 et
405 1681 516 1742 capnos
531 1674 630 1725 trunca
646 1664 769 1725 detrahit
784 1665 880 1724 bilem.

92 1754 126 1808 58
201 1745 285 1825 (37.)
310 1746 470 1826 Polypodi,
494 1766 578 1826 quarn
605 1750 697 1808 nostri
717 1748 864 1808 feliculam
886 1757 1006 1824 vocant,
1029 1748 1129 1807 similis

135 1827 230 1905 felici,
253 1829 335 1889 radix
357 1833 385 1889 in
403 1849 455 1890 usu
475 1831 585 1909 pilosa,
603 1831 712 1892 coloris
728 1835 802 1891 intus
816 1831 968 1908 herbacei,
994 1833 1129 1890 crassitu-

134 1911 200 1976 dine
218 1912 299 1989 digiti
311 1916 434 1990 rninumi,
451 1913 609 1981 acetabulis
622 1933 780 1975 cavernosa
795 1933 849 1975 ceu
864 1915 1037 1994 polyporum
1050 1916 1129 1990 cirri,
1137 1927 1165 1967 ²0

135 1996 299 2074 subdulcis,
322 1998 351 2056 in
369 1999 459 2076 petris
474 2015 597 2058 nascens
613 2008 660 2058 aut
676 1997 728 2058 sub
744 1998 896 2058 arboribus
911 1999 1043 2057 vetustis.
1079 2016 1128 2058 ex·

137 2081 266 2158 primitur
281 2099 369 2140 sucus
382 2099 457 2159 aqua
474 2083 667 2156 madefactae,
693 2091 721 2141 et
740 2084 804 2160 ipsa
827 2083 933 2141 minute
955 2083 1072 2141 concisa
1088 2081 1127 2139 in·

134 2165 280 2241 spergitur
296 2164 370 2223 oleri
385 2164 432 2224 vel
447 2165 534 2225 betae
549 2171 595 2224 vel
614 2164 726 2224 malvae
743 2165 790 2224 vel
809 2165 983 2224 salsamento
999 2173 1046 2224 aut
1066 2183 1128 2223 oum

133 2245 269 2322 pulticula
289 2249 422 2325 coquitur
438 2247 473 2306 ad
495 2249 590 2307 alvom
608 2248 657 2307 vel
679 2248 706 2307 in
728 2247 802 2306 febri
825 2248 927 2307 leniter
949 2246 1127 2308 solvendam.

133 2327 257 2388 detrahit
276 2327 363 2388 bilem
384 2338 413 2388 et
435 2332 579 2410 pituitam,
603 2329 777 2389 stomachum
800 2330 927 2390 offendit.
968 2330 1065 2391 aridae
1086 2331 1164 2390 iasa

133 2414 194 2471 rina
224 2411 311 2472 indita
338 2411 454 2472 naribus
482 2413 620 2494 polypum
650 2416 799 2475 consumit.
843 2414 942 2476 liorem
973 2424 1002 2473 et
1028 2431 1128 2474 semen

133 2513 190 2555 non
208 2495 273 2554 lert.
536 2544 538 2548 ,

89 2590 123 2644 59
196 2577 278 2659 (38.)
300 2578 510 2640 Scammonium
526 2596 641 2659 quoque
657 2580 875 2641 dissolutionem
892 2579 1032 2640 stomachi
1046 2581 1127 2656 lacit,

132 2661 220 2723 bilem
234 2661 365 2740 detrahit,
379 2664 475 2724 alvom
494 2664 591 2738 solvit,
608 2673 811 2744 praeterquam
829 2666 853 2724 si
867 2663 1026 2724 adiciantur
1044 2663 1126 2723 aloes

132 2744 284 2806 drachmae
300 2745 373 2805 duae
389 2745 485 2806 obolis
500 2747 562 2805 eius
580 2746 701 2806 duobus.
733 2756 777 2806 est
798 2756 891 2807 autern
915 2765 1001 2806 sucus
1017 2745 1125 2806 herbae
1135 2762 1161 2802 ao

133 2827 168 2887 ab
185 2827 283 2888 radice
298 2847 430 2889 ramosae
448 2827 602 2908 pinguibus
616 2829 709 2905 foliis,
725 2830 892 2908 triangulis,
914 2829 1007 2904 albis,
1027 2829 1127 2889 radice

90 2922 125 2976 oo
136 2928 245 2986 crassa,
260 2910 382 2987 madida,
398 2912 541 2971 nausiosa.
578 2914 705 2972 nascitur
724 2914 822 2992 pingui
843 2923 872 2973 et
887 2912 954 2974 albo
971 2913 1047 2972 solo.
1081 2931 1125 2973 ra·

133 2991 181 3053 dix
197 2993 274 3052 circa
290 2995 370 3053 canis
386 3003 478 3054 ortum
495 3004 667 3072 excavatur,
689 3005 718 3055 ut
741 2996 769 3055 in
781 2998 873 3076 ipsam
894 2997 1019 3057 conduct
1041 3014 1127 3056 sucus

133 3078 180 3156 qui
196 3075 260 3136 sole
275 3077 401 3137 siccatus
417 3077 557 3155 digeritur
578 3080 606 3136 in
625 3079 767 3156 pastillos.
799 3081 925 3141 siccatur
946 3088 975 3140 et
996 3082 1060 3158 ipsa
1077 3080 1126 3139 vel

132 3170 242 3221 cortex.
282 3160 412 3220 laudatur
425 3162 541 3221 natione
557 3159 785 3241 Colophonium,
802 3163 939 3240 Mysiam,
956 3163 1125 3238 Prienense,
1136 3177 1161 3218 aa

133 3245 232 3324 specie
262 3253 356 3305 autem
383 3244 498 3304 nitidum
521 3255 550 3305 et
574 3263 656 3325 quam
684 3247 854 3307 simillimum
880 3248 992 3308 taurino
1014 3247 1126 3324 glutini,
1183 3262 1190 3274 ⁴

131 3329 283 3406 fungosum
301 3329 475 3388 tenuissimis
490 3329 603 3405 tistulis,
619 3331 677 3390 cito
694 3332 870 3409 liquescens,
886 3332 963 3390 virus
979 3329 1126 3406 redolens,

133 3413 347 3489 cumminosum,
358 3411 473 3489 linguae
486 3421 563 3473 tactu
574 3413 749 3497 lactescens,
764 3432 846 3493 quam
858 3414 1045 3491 levissimum,
1062 3431 1127 3472 cum
