2400 3840
340 198 792 266 usr.n1sr.xxx1.o.(32—
829 195 851 262 .)
1030 191 1092 254 273

95 357 205 417 aurium
216 357 402 434 gravitatem,
423 357 526 437 capitis
541 355 659 417 dolores
676 374 739 417 cum
756 365 841 416 aceto
856 356 1027 417 ferventium
1044 377 1093 419 va·

96 458 161 518 por.
192 440 355 516 robiginem
369 440 449 499 ferro
466 440 592 499 marinae
607 439 760 500 celerrime
783 448 932 517 exierunt,
955 457 1093 518 pecorum

97 540 212 600 quoque
229 521 357 582 scabiem
371 532 471 583 sanant
486 523 625 601 lanasque
642 523 800 583 emolliunt.

158 605 242 684 (34.)
265 605 329 665 Nec
347 607 451 683 ignoro
469 607 544 666 haec
558 605 778 667 mediterraneis
799 623 979 683 supervacua
996 609 1089 668 videri
1101 619 1136 674 67

70 706 197 767 sposse.
230 706 332 749 verum
347 699 376 749 et
391 689 448 749 hoc
467 707 536 751 cura
552 690 679 768 providit
698 692 814 749 inventa
830 690 941 749 ratione
963 708 1018 769 qua
1039 692 1107 751 sibi.

94 774 217 850 quisque
232 790 334 851 aquam
345 773 432 833 maris
447 765 569 833 faceret.
599 773 668 833 illud
686 774 722 834 de
746 790 781 832 ea
799 773 910 833 ratione
929 775 1045 851 mirum,
1070 777 1095 834 si

95 856 160 934 plus
175 872 260 932 quam
273 858 417 916 sextarius
435 856 504 916 salis
519 857 548 915 in
564 865 698 934 quattuor
713 874 805 937 aquae
823 858 968 916 sextarios
982 875 1095 935 merga-

92 947 156 1015 tur,
173 939 249 999 vinci
265 957 367 1018 aquam
385 940 533 1019 salemque
549 957 607 999 non
622 939 735 1018 liquari.
768 949 869 999 cetero
888 943 1031 1000 sextarius
1048 960 1093 1003 sa·

93 1020 208 1083 liscum
225 1033 360 1102 quattuor
377 1041 470 1102 aquae
491 1024 625 1083 sextariis
643 1023 793 1083 salsissimi
813 1025 900 1082 maris
918 1026 974 1083 vim
998 1033 1027 1084 et
1045 1042 1095 1085 na-

57 1113 184 1166 ¹⁰turam
209 1107 312 1185 inplet.
350 1106 609 1167 moderatissimum
632 1115 727 1167 autem
753 1114 853 1185 putant
878 1125 966 1186 supra
991 1107 1094 1168 dictam

90 1206 184 1266 aquae
200 1206 363 1249 mensuram
379 1191 493 1249 octonis
510 1188 621 1263 cyathis
635 1189 706 1251 salis
715 1191 889 1267 temperari,
907 1193 1039 1268 quoniam
1055 1200 1094 1252 ita

91 1280 121 1331 et
138 1289 248 1330 nervos
267 1272 460 1332 excalefaciat
475 1280 504 1331 et
519 1289 627 1349 corpus
641 1290 699 1332 uon
714 1272 882 1351 exasperet.

156 1354 241 1432 (35.)
263 1356 448 1414 Inveteratnr
460 1364 489 1414 et
499 1356 579 1434 quod
587 1363 695 1416 vocant
701 1355 902 1416 thalassomeli
911 1359 1011 1434 aequis
1024 1376 1090 1436 por·
1103 1369 1139 1423 68

91 1437 219 1497 tionibus
239 1439 342 1513 maris,
359 1437 472 1513 mellis,
491 1437 600 1498 imbris.
632 1439 743 1499 exalto
760 1448 789 1499 et
807 1438 842 1499 ad
858 1438 935 1498 hunc
950 1458 1030 1500 usum
1046 1441 1094 1501 ad-

59 1520 203 1580 rsvehunt
218 1521 358 1600 fictilique
373 1539 442 1581 vase
458 1530 488 1581 et
501 1523 600 1600 picato
626 1521 760 1583 condunt.
790 1521 912 1600 prodest
933 1521 968 1583 ad
988 1542 1095 1602 purga·

91 1606 187 1664 tiones
201 1622 332 1664 maxume
357 1604 420 1664 siae
441 1604 582 1666 stomachi
608 1607 763 1666 vexatione
784 1615 813 1666 et
832 1623 939 1684 sapore
958 1617 1042 1684 grato
1064 1613 1094 1668 et

91 1687 194 1746 odore.

156 1770 241 1850 (36.)
264 1771 434 1847 llydromeli
452 1789 569 1851 quoque
584 1791 623 1834 ex
637 1773 728 1832 imbre
750 1791 823 1851 puro
840 1793 904 1834 cum
919 1774 1006 1834 melle
1021 1783 1091 1835 tem·
1102 1784 1137 1842 69

91 1853 249 1931 parabatur
273 1855 429 1934 quondam,
455 1856 532 1934 quod
555 1855 672 1918 daretur
693 1857 896 1935 adpetentibus
917 1858 976 1917 vini
996 1861 1094 1935 aegris

56 1955 84 1998 ao
94 1936 184 1996 veluti
200 1938 400 2000 innocentiore
419 1947 508 2017 potu,
527 1938 686 2000 damnatum
701 1943 756 1999 iam
770 1939 867 2000 multis
881 1942 976 2016 annis,
993 1941 1094 2001 iisdem

92 2021 169 2079 vitiis
185 2021 287 2097 quibus
302 2023 397 2080 vinum
412 2039 469 2081 uec
480 2021 582 2082 iisdem
596 2022 772 2082 utilitatibus.

155 2103 239 2182 (37.)
263 2105 338 2179 Quia
354 2121 444 2182 saepe
462 2107 636 2182 navigantes
651 2104 769 2165 defectu
792 2123 885 2184 aquae
901 2104 994 2165 dulcis
1009 2104 1090 2166 labo·
1102 2116 1137 2172 to

91 2194 171 2261 rant,
187 2185 261 2247 haec
279 2205 397 2267 quoque
413 2187 541 2249 subsidia
562 2187 833 2249 demonstrabimus.
866 2206 995 2267 expansa
1018 2190 1095 2250 circa

90 2287 193 2330 navem
208 2270 319 2331 vellera
337 2272 506 2333 madescunt
521 2281 645 2350 accepto
666 2272 754 2338 halitu
779 2275 882 2349 maris,
905 2271 1007 2350 quibus
1033 2272 1093 2333 dul·

52 2354 134 2412 aucis
146 2370 228 2416 umor
240 2356 425 2433 exprimitur,
443 2356 511 2415 item
533 2355 676 2415 demissae
692 2356 822 2416 reticulis
839 2357 867 2416 iu
888 2373 968 2416 mare
988 2373 1097 2416 conca·-

90 2454 146 2496 vae
163 2455 261 2498 ecera
276 2438 354 2516 pilae
369 2439 418 2498 vel
429 2456 499 2498 vasa
510 2439 605 2498 inania
617 2447 750 2516 opturata
767 2439 880 2499 dulcem
893 2439 967 2501 intra
978 2458 1013 2501 sc
1031 2439 1097 2499 col·

89 2518 184 2594 figunt
197 2537 335 2580 umorem.
365 2521 473 2580 namin
495 2529 574 2580 terra
594 2523 701 2581 marina
723 2539 796 2600 aqua
819 2521 927 2598 argilla·
942 2523 1094 2598 percolata

90 2600 242 2662 dulcescit.
260 2601 542 2681 Luxatacorporaet
552 2604 696 2663 homiuum
709 2612 739 2663 et
749 2603 954 2682 quadripedum
965 2605 1135 2670 natandotl

89 2683 118 2742 in
142 2684 223 2744 cuius
238 2683 328 2745 libeat
348 2687 467 2761 generis
488 2704 562 2764 aqua
585 2686 724 2746 facillime
737 2687 766 2746 in
781 2697 860 2747 artus
875 2686 1007 2746 redeunt.
1039 2687 1096 2749 ttsc

50 2779 80 2824 ao
92 2774 120 2825 et
135 2766 163 2825 in
177 2775 255 2827 metu
270 2770 496 2846 pergrinantium
508 2777 540 2828 ut
551 2777 691 2849 temptent
703 2770 889 2830 valitudinem
904 2788 998 2849 aquae
1008 2773 1092 2848 igno·

88 2858 148 2992 plac.
180 2849 237 2910 hoc
253 2860 358 2912 cavent
371 2869 388 2912 e
400 2849 523 2913 balineis
540 2855 655 2930 egressi
667 2853 761 2914 statim
771 2853 911 2932 frigidam
926 2864 1093 2933 suspectam

109 2934 258 2995 auriendo.

153 3015 237 3096 (38.)
257 3020 375 3080 hluscus
391 3020 439 3098 qui
453 3019 481 3080 in
496 3038 568 3101 aqua
584 3021 673 3080 fuerit
688 3020 826 3100 podagris
842 3022 940 3083 inlitus
955 3021 1087 3100 prodest,
1099 3030 1138 3087 ts

87 3101 156 3160 item
175 3100 380 3164 oleoadmixto
404 3103 527 3164 talorum
545 3103 639 3164 dolori
661 3105 832 3184 tumoriqua.
871 3106 976 3184 Spuma
998 3122 1092 3182 aquae

50 3200 79 3244 sc
89 3181 212 3243 adfrictu
230 3202 368 3246 verrucas
383 3185 476 3262 tollit,
492 3204 619 3247 necnon
634 3186 742 3247 harena
758 3188 874 3248 litorum
888 3188 991 3262 maris,
1006 3204 1090 3265 prae·

90 3267 174 3345 cipue
188 3269 282 3327 tenuis
297 3277 326 3328 et
342 3267 407 3328 sole
424 3267 568 3347 candens,
589 3271 618 3329 in
631 3269 773 3331 medicina
788 3279 835 3330 est
858 3270 1000 3331 siccandis
1025 3286 1090 3330 cor·

88 3348 211 3425 poribus
235 3352 385 3431 coopertis
403 3351 629 3430 hydropicorum
657 3362 705 3414 aut
722 3353 942 3414 rheumatismos
963 3353 1089 3413 sentien-

86 3429 166 3493 tium.
196 3431 234 3495 lit
253 3434 393 3496 hactenus
413 3435 450 3496 de
465 3434 563 3514 aquis,
587 3452 662 3496 nuno
677 3435 716 3497 de
730 3434 910 3516 aquatilibus.
943 3436 1090 3497 ordiemur

137 3534 207 3579 auru.
223 3537 286 3578 uas.
302 3539 372 3580 mss.
387 3523 434 3579 lv.
889 3518 937 3577 KQ
