2400 3840
311 200 392 248 nar.
406 198 497 247 sarar.
515 200 624 247 xxxu.
643 199 668 253 9.
684 199 726 252 lo.
748 191 895 257 (31-39.)
1035 186 1096 248 305

105 364 135 414 et
149 371 240 431 aquae
253 353 425 415 tantundem.
444 351 489 412 ·ad
501 370 642 432 praesens
659 369 729 412 vero
747 355 890 433 correptis
907 353 1015 413 olfactu
1031 351 1096 412 sub·

11 458 15 466 ·
103 439 181 498 venit
197 441 259 496 c'um
274 445 369 497 aceto.
389 435 471 496 datur
487 445 517 496 et
528 436 668 496 mustelae
678 437 804 497 marinae
815 439 907 513 iecur,
919 437 986 497 item
998 436 1095 510 muris,

103 521 150 582 vel
170 519 341 581 testudinum
359 521 486 597 sanguis.

168 605 215 668 10.
239 604 322 683 (38.)
344 601 479 663 Febrium
494 604 630 663 circuitus
645 601 720 661 tollit
740 603 822 662 iecur
838 602 964 682 delphini
979 610 1138 680 gusta-113

10 708 21 723 ⁸
80 695 246 749 clamante
268 688 464 747 accessiones.
499 685 683 764 hippocampi
704 694 842 746 necantur
865 689 894 746 in
919 701 1045 746 rosaceo
1067 692 1096 744 ut

102 780 317 852 perunguantur
326 770 407 848 aegri
416 768 528 847 frigidis
539 767 678 844 febribus,
687 777 716 828 et
724 771 780 847 ipsi
792 768 1094 847 adalliganturaegrfs.

10 878 21 887 ·
100 859 167 916 item
180 872 218 914 ex
233 854 327 915 asello
341 855 425 933 pisce
441 852 533 932 lapilli
556 854 603 930 qui
624 851 709 929 plena
732 852 797 913 luna
811 854 990 913 inveniuntur
1004 854 1033 911 in
1048 869 1093 911 ca·

101 942 159 1018 pite
175 937 336 1015 adligantur
350 938 379 996 in
391 935 522 996 linteolo.
544 934 648 1014 phagri
664 935 809 996 fluviatilis
823 936 1009 1013 longissimus
1024 935 1095 995 dens

100 1021 206 1100 capillo
229 1021 402 1098 adalligatus
422 1020 460 1079 ita
478 1028 508 1078 ut
527 1020 651 1096 quinque
671 1017 773 1078 diebus
799 1037 862 1079 enm
884 1021 932 1097 qui
958 1018 1095 1095 adalliga-

64 1125 88 1165 ιι
100 1105 174 1165 verit
187 1121 245 1163 non
258 1113 357 1164 cernat
369 1119 470 1180 aeger,
485 1119 574 1162 ranae
588 1103 617 1160 in
632 1101 716 1160 trivio
732 1101 873 1163 decoctae
889 1102 957 1162 oleo
973 1102 1095 1162 abiectis

99 1187 232 1247 carnibus
249 1194 407 1267 perunctos
422 1185 544 1245 liberant
560 1184 713 1262 quartanis.
736 1194 802 1245 sunt
818 1186 865 1264 qui
882 1185 1074 1263 strangulatas
1087 1195 1137 1251 lll

97 1272 125 1328 in
141 1271 208 1329 oleo
224 1271 304 1348 ipsas
320 1269 393 1330 clam
405 1266 562 1344 adalligent
577 1267 703 1344 oleoque
721 1285 757 1328 co
773 1278 961 1347 perunguant.
980 1286 1032 1328 cor
1046 1285 1093 1327 ea-

50 1397 52 1401 .
96 1371 159 1412 rum
173 1353 357 1430 adalligatum
371 1351 481 1428 frigora
493 1349 616 1410 febrium
630 1351 738 1427 minuit,
751 1359 780 1410 et
795 1350 890 1411 oleum
906 1354 934 1410 in
950 1368 1006 1430 quo
1021 1352 1093 1409 inte·

97 1439 171 1515 stina
186 1434 308 1515 decocta
321 1436 389 1494 sint.
417 1450 547 1494 maxume
568 1441 663 1492 autem
686 1435 830 1512 quartanis
852 1434 975 1495 liberant
990 1433 1094 1495 ablatis

62 1538 86 1577 ιι
97 1520 240 1598 unguibus
252 1536 357 1579 ranaea
369 1518 501 1596 quaticae
517 1515 690 1593 adalligatae
708 1526 737 1577 ct
749 1517 880 1594 rubetae,
892 1518 923 1589 si
938 1519 1018 1577 iocur
1031 1518 1093 1576 eins

96 1604 144 1664 vel
161 1621 213 1664 cor
226 1602 400 1679 adalligetur
407 1604 436 1661 in
446 1617 541 1680 pauno
553 1600 746 1679 leucophaeo.
763 1603 860 1661 cancri
873 1600 1026 1662 fluviatiles
1035 1601 1094 1660 triti

95 1689 123 1746 in
136 1687 204 1747 oleo
218 1695 248 1746 et
258 1702 334 1764 aqua
346 1685 491 1764 perunctis
502 1692 568 1745 ante
580 1686 766 1744 accessiones
778 1686 806 1744 in
817 1685 948 1746 febribus
964 1693 1093 1764 prosunt,

95 1770 182 1848 aliqui
197 1777 226 1829 et
242 1771 328 1848 piper
338 1767 454 1829 addunt.
477 1769 524 1829 alii
540 1766 681 1828 decoctos
696 1767 732 1829 ad
743 1778 859 1848 quartas
873 1771 902 1829 in
916 1771 983 1828 vino
996 1786 1012 1828 e
1024 1769 1073 1829 ba·
1085 1779 1135 1831 115

94 1853 171 1914 linco
187 1855 318 1930 egressis
338 1851 440 1913 bibere
461 1850 581 1913 suadent
596 1853 625 1911 in
641 1854 803 1931 quartanis,
825 1854 912 1932 aliqui
933 1870 1004 1914 vero
1027 1853 1093 1912 sini·

60 1956 84 1998 ro
95 1946 184 1998 strum
201 1937 316 1997 oculum
332 1935 483 1996 devorare.
511 1935 589 2011 blagi
609 1935 702 1994 oculis
719 1953 817 1994 eorum
833 1946 899 1996 ante
914 1937 985 1996 solis
1000 1944 1093 1995 ortum

93 2020 256 2097 adalligatis
272 2033 376 2094 aegro,
397 2019 436 2077 ita
450 2024 479 2075 ut
495 2033 603 2076 caecos
618 2014 758 2077 dimittant
774 2019 934 2097 inaquam,
955 2019 1092 2079 tertianas

93 2103 171 2179 abigi
193 2101 370 2180 promittunt.
398 2096 525 2160 Eosdem
541 2099 643 2159 oculos
663 2117 728 2160 curn
743 2101 877 2161 carnibus
891 2102 1029 2162 lusciniae
1043 2103 1072 2161 in
1084 2111 1135 2167 116

92 2184 173 2265 pelle
194 2185 310 2245 cervina
326 2183 462 2260 inligatus
483 2190 633 2262 praestare
652 2184 780 2261 vigiliam
798 2201 899 2244 somno
917 2186 1017 2262 fugato
1036 2194 1091 2247 tra·

93 2267 169 2329 dunt.
185 2270 214 2327 in
225 2266 385 2346 lethargum
396 2266 583 2344 vergentibus
595 2268 721 2345 coagulo
732 2268 873 2330 balaenae
884 2278 931 2330 aut
944 2268 1022 2328 vituli
1034 2288 1091 2329 ma·

57 2368 83 2408 25
94 2353 147 2413 rini
161 2351 198 2413 ad
209 2352 345 2412 olfactum
356 2360 480 2413 utuntur.
501 2350 550 2411 alii
562 2353 728 2428 sauguinem
741 2352 913 2413 testudinum
925 2352 1091 2430 lethargicis

90 2436 219 2496 inlinunt.
243 2436 387 2496 Tertianis
404 2433 515 2495 mederi
529 2433 631 2495 dicitnr
649 2444 678 2494 et
693 2435 854 2513 spondylus
868 2454 976 2515 percae
990 2435 1090 2497 adalli-

90 2528 191 2597 gatus,
209 2521 355 2597 quartanis
371 2518 491 2578 cocleae
509 2516 664 2578 fluviatiles
682 2520 711 2577 in
728 2519 794 2579 cibo
809 2528 956 2596 recentes,
977 2518 1091 2597 qnidam

90 2602 128 2660 ob
142 2601 172 2661 id
188 2600 342 2662 adservant
355 2603 429 2678 sale,
446 2610 476 2661 nt
490 2600 559 2661 deut
576 2603 659 2661 tritas
673 2602 703 2661 in
717 2610 799 2680 potu.

151 2683 236 2763 (39.)
260 2683 386 2744 strombi
405 2687 433 2745 in
454 2693 540 2744 aceto
564 2684 720 2764 putrefacti
747 2684 924 2762 lethargicus
945 2687 1071 2747 excitant
1081 2696 1131 2752 117

55 2786 81 2827 eo
93 2766 195 2828 odore.
218 2776 338 2845 prosunt
356 2776 386 2827 et
398 2769 548 2828 cardiacis.
570 2767 717 2829 cachectis
736 2786 856 2848 quorum
874 2785 981 2847 corpus
995 2771 1089 2832 macie

91 2850 241 2910 conficitur
267 2850 365 2911 tethea
388 2853 467 2913 utilia
491 2861 555 2911 sunt
571 2870 635 2911 curn
654 2861 716 2912 ruta
731 2871 767 2914 ac
785 2851 882 2914 melle.
915 2852 1090 2933 Hydropicis

86 2934 220 3018 medetur
234 2932 314 3011 adips
329 2933 456 3015 delphini
476 2936 600 3015 liquatus
615 2944 645 2996 et
665 2954 728 2996 cum
746 2937 811 2996 vino
830 2944 925 3014 potus.
954 2939 1089 3016 gravitati

89 3018 204 3096 saporis
224 3019 386 3079 occurritur
412 3021 495 3081 tactis
518 3020 636 3081 naribus
651 3028 795 3097 unguento
817 3029 865 3082 aut
886 3020 1025 3081 odoribus
1039 3022 1087 3083 vel

89 3099 311 3178 quoquomodo
334 3106 484 3178 opturatis.
519 3104 637 3165 strombi
656 3121 772 3183 quoque
792 3122 895 3164 carnes
909 3106 994 3166 tritae
1009 3115 1038 3166 et
1058 3109 1087 3166 in

53 3200 78 3239 aa
88 3183 172 3242 mulsi
187 3182 277 3242 trihus
292 3182 412 3245 heminis
430 3188 493 3263 pari
514 3189 600 3248 modo
617 3205 709 3266 aquae
726 3196 789 3263 aut,
810 3189 835 3247 si
849 3187 949 3248 febres
964 3190 1033 3265 sint,
1049 3209 1087 3251 ex

88 3283 161 3342 aqua
172 3266 264 3327 mulsa
278 3265 363 3327 datae
374 3269 539 3346 proliciunt,
550 3271 618 3331 item
631 3289 717 3331 sucus
730 3287 899 3332 cancrorum
910 3271 1086 3333 fluviatilium

89 3365 152 3407 curn
163 3349 261 3411 melle.
281 3367 351 3410 rana
365 3367 480 3430 qnoque
493 3357 625 3431 aquaticus
640 3357 669 3414 in
684 3357 751 3414 vino
764 3363 866 3414 vetere
881 3363 910 3414 et
923 3354 1001 3416 farre
1018 3356 1066 3417 de·
1079 3368 1130 3424 118

11 3486 14 3493 .
88 3439 172 3490 cocta
189 3448 223 3490 ac
247 3451 302 3512 pro
321 3433 387 3494 cibo
403 3445 515 3514 sumpta
528 3438 566 3498 ita
583 3447 614 3498 ut
629 3437 743 3498 bibatur
759 3455 796 3497 en
811 3437 915 3499 eodem
930 3457 1019 3516 vase,
1038 3441 1090 3500 vel

142 3533 211 3576 asin.
225 3536 289 3577 aar.
302 3537 372 3580 msa.
394 3523 443 3577 lV.
889 3520 938 3577 Ἃ
