2400 3840
137 165 198 227 194
472 176 502 225 o.
518 176 617 224 rnrnr
633 177 781 224 sncunor

132 331 283 409 inponere.
320 347 423 390 caseus
440 347 544 390 recens
559 330 696 390 vaccinus
710 330 856 389 inmittitur
871 327 906 388 ad
922 337 1073 406 utrumque
1087 330 1129 390 vi·

130 414 209 489 tium,
228 415 296 474 item
311 413 443 489 butyrum
460 413 579 472 heminis
595 422 729 490 quattuor
749 431 812 473 cum
828 413 943 472 resinae
958 411 1128 473 terebinthi·

88 507 203 562 monae
218 505 351 558 sextante
370 507 417 558 aut
435 515 498 556 cum
513 497 606 556 malva
622 495 746 556 decocta
761 506 808 556 aut
830 514 893 555 cum
909 512 1043 555 rosaceo.
1079 496 1127 556 da·

128 589 173 640 tur
189 590 219 640 et
235 580 336 640 sebum
352 581 499 640 vitulinum
512 589 560 638 aut
573 579 726 657 bubulum,
741 581 807 640 item
823 578 965 639 medullae
981 596 1128 639 excocun-

128 673 174 723 tur
189 682 252 723 cum
268 663 359 724 iariua
376 680 520 740 ceraeque
537 664 643 739 exiguo
662 673 691 722 et
712 665 798 738 oleo,
822 672 851 722 ut
867 662 980 723 sorberi
1003 663 1151 741 possintt

128 747 253 808 medulla
271 754 300 806 et
314 747 429 824 inpane
445 746 594 822 subigitur.
618 747 664 806 lac
679 749 825 824 caprinum
836 746 871 805 ad
889 745 1019 807 dimidias
1036 748 1128 824 partis

129 831 294 890 decoctum.
326 831 350 889 si
372 831 427 888 sint
449 839 478 889 et
496 832 635 906 tormina,
658 830 769 890 additur
784 839 963 909 protropum.
999 831 1128 889 tormini·

129 913 184 972 bus
204 914 274 973 satis
290 929 359 972 esse
374 913 484 973 remedi
506 913 534 971 in
554 914 664 990 leporis
681 914 806 990 coagulo
822 922 892 992 poto
910 932 926 973 e
941 915 1009 972 vino
1026 913 1128 991 tepido

131 996 178 1055 vel
202 995 293 1054 semel
315 995 488 1056 arbitrantur
503 997 601 1074 aliqui.
633 999 778 1058 cautiores
800 1006 829 1056 et
848 998 986 1074 sanguine
1005 997 1127 1074 caprino

88 1088 138 1143 aot
152 1096 216 1137 cum
244 1077 336 1137 farina
369 1079 535 1139 hordeacea
567 1088 596 1138 et
625 1082 719 1139 resina
745 1090 874 1140 ventrem
900 1080 1029 1139 inlinunt.
1081 1078 1128 1140 Ad
1138 1098 1159 1138 ro

131 1163 222 1221 omnis
240 1162 399 1241 epiphoras
415 1165 524 1222 ventris
539 1163 618 1223 inlini
636 1181 750 1224 caseum
765 1162 881 1222 mollem
896 1162 1027 1243 suadent,
1045 1172 1128 1223 vete·

129 1263 191 1304 rem
214 1247 348 1305 autemin
372 1247 492 1306 farinam
512 1248 607 1307 tritum
632 1246 772 1308 coeliacis
791 1256 820 1306 et
840 1247 1026 1321 dysintericis
1053 1246 1127 1323 dari,

131 1329 235 1404 cyatho
253 1332 331 1390 casei
348 1331 376 1390 in
398 1331 510 1405 cyathis
524 1331 582 1390 vini
597 1329 696 1389 cibarii
711 1330 812 1390 tribus.
851 1330 969 1406 sanguis
990 1331 1127 1408 caprinus

129 1412 271 1473 decoctus
288 1431 350 1472 cum
367 1414 492 1474 medulla
509 1413 709 1488 dysintericis,
725 1415 807 1474 iocur
822 1431 917 1474 assum
934 1430 1041 1490 caprae
1058 1429 1126 1472 coe-

129 1496 213 1556 liacis
229 1496 378 1574 subvenit,
396 1499 546 1574 magisque
569 1499 654 1557 etiam
668 1496 757 1573 hirci,
776 1499 804 1557 in
819 1499 886 1556 vino
903 1505 1019 1556 austero
1038 1496 1158 1556 deco-rs

130 1589 205 1638 ctum
225 1589 381 1658 potumque
395 1582 442 1640 vel
461 1598 498 1640 ex
513 1581 581 1640 oleo
596 1590 706 1656 myrteo
721 1581 855 1640 umbilico
875 1580 1040 1657 inpositum.
1064 1581 1126 1658 qui·

130 1660 193 1720 dam
217 1662 361 1722 decocunt
383 1681 399 1722 a
418 1661 508 1721 tribus
533 1665 667 1724 sextariis
689 1682 781 1742 aquae
810 1664 845 1723 ad
866 1663 1010 1723 heminam
1030 1662 1126 1724 addita

16 1815 18 1819 .
87 1752 222 1808 aosruta.
263 1752 375 1805 utuntur
392 1755 421 1805 et
436 1746 514 1804 liene
530 1763 596 1806 asso
616 1765 722 1824 caprae
738 1748 848 1808 hircive
864 1756 893 1806 et
910 1745 982 1805 sebo
1002 1745 1079 1806 hirci
1099 1749 1127 1805 in

129 1845 203 1904 pane
217 1829 264 1904 qui
276 1830 376 1887 cinere
392 1838 493 1888 coctus
505 1831 551 1905 sit,
569 1847 686 1908 caprae,
703 1848 719 1890 a
733 1830 850 1890 renibus
867 1847 1007 1905 maxume,
1026 1839 1058 1889 ut
1074 1847 1127 1908 per

131 1929 163 1969 se
180 1910 325 1972 hauriatur
342 1915 488 1991 protinus,
512 1915 598 1992 inque
620 1913 733 1973 modice
756 1914 861 1991 frigida
881 1913 995 1973 sorberi
1016 1912 1158 1989 iubentus

130 1995 218 2072 aliqui
234 1996 306 2055 etin
322 2014 396 2074 aqua
412 1997 566 2057 decoctum
577 1996 678 2057 sebum
694 1997 818 2078 admixta
831 1997 948 2074 polenta
965 2005 994 2055 et
1012 1999 1126 2057 cumino

130 2087 160 2136 et
174 2096 263 2137 aneso
288 2089 440 2159 acetoque.
472 2082 591 2141 inlinunt
611 2090 640 2141 et
660 2090 789 2140 ventrem
810 2081 949 2140 coeliacis
973 2082 1040 2139 iimo
1062 2098 1126 2140 curu

87 2170 138 2224 209
149 2160 236 2219 melle
251 2161 386 2225 decocto.
410 2172 524 2223 utuntur
537 2165 572 2224 ad
584 2173 733 2241 utrumque
746 2165 842 2222 vitium
860 2173 889 2222 et
902 2163 1028 2240 coagulo
1040 2164 1127 2224 haedi

130 2244 158 2301 in
173 2243 240 2301 vino
256 2246 370 2317 myrtite
385 2246 471 2305 fabae
486 2247 680 2323 magnitudine
697 2256 767 2324 poto
791 2256 820 2306 et
838 2248 977 2323 sanguine
995 2247 1126 2307 eiusdem

129 2327 157 2384 in
180 2324 274 2385 cibum
294 2327 417 2387 formato
436 2346 520 2406 quern
538 2330 734 2407 sanguiculum
747 2340 862 2391 vocant.
893 2329 1042 2389 infundunt
1057 2331 1157 2406 dyo-aa

129 2410 258 2469 ictericis
279 2420 309 2471 et
330 2413 468 2489 glutinum
490 2415 629 2473 taurinum
651 2432 724 2493 aqua
740 2414 831 2474 calida
847 2413 1014 2473 resolutum.
1042 2413 1125 2474 lnila·

129 2493 223 2553 tiones
241 2495 356 2556 discutit
376 2496 522 2556 vitulinum
537 2499 630 2557 limum
647 2500 675 2556 in
698 2499 764 2556 vino
780 2497 940 2556 decoctum.
969 2496 1125 2558 Intestino·

129 2595 191 2637 rum
207 2579 284 2638 vitiis
299 2597 479 2659 magnopere
495 2581 616 2660 prodest
633 2581 785 2658 coagulum
804 2598 956 2639 cervorum
972 2579 1125 2640 decoctum

130 2678 193 2719 cum
213 2661 294 2722 lente
308 2661 434 2742 betaque
455 2674 542 2742 atque
563 2666 592 2724 in
615 2666 680 2725 cibo
697 2673 853 2742 sumptum,
874 2663 985 2740 leporis
999 2664 1125 2740 pilorum

130 2745 202 2802 cinis
232 2763 296 2804 oum
331 2747 417 2807 melle
447 2748 602 2824 decoctus,
640 2748 722 2808 lactis
750 2749 860 2826 caprini
889 2756 974 2825 potus
1006 2745 1156 2807 decoctius

87 2835 213 2889 clocam
239 2829 332 2889 malva
359 2832 465 2906 exiguo
487 2831 548 2891 sale
573 2831 680 2891 addito.
718 2832 743 2890 si
766 2840 795 2890 et
815 2830 967 2907 coagulum
992 2829 1123 2908 addatur,

128 2908 283 2968 maioribus
303 2913 501 2973 emolumentis
522 2915 580 2974 liat.
618 2915 718 2974 eadem
744 2915 789 2972 uis
815 2923 860 2973 est
879 2923 907 2972 et
930 2915 958 2972 in
977 2913 1052 2975 sebo
1077 2933 1123 2974 ca-

130 2993 212 3071 prino
229 2992 256 3051 in
269 2993 427 3055 sorbitione
439 2997 544 3075 aliqua,
561 2998 600 3056 uti
616 2999 746 3075 protinus
758 2997 903 3057 hauriatur
917 2996 1023 3073 frigida
1039 3015 1123 3077 aqua.

127 3078 195 3135 item
210 3075 343 3137 feminum
353 3077 528 3140 baedicinis
542 3089 625 3159 rupta
642 3082 774 3140 intestina
787 3082 897 3140 sarcire
908 3082 980 3139 mire
990 3081 1124 3158 traditur,

130 3161 223 3219 [imum
239 3160 351 3239 leporis
368 3181 431 3222 cum
444 3163 532 3222 melle
547 3165 699 3225 decoctum
715 3174 744 3224 et
759 3164 866 3224 cotidie
881 3163 965 3224 iabae
981 3166 1111 3241 magnitu
1132 3179 1156 3221 aa

129 3243 194 3304 dinc
211 3253 352 3325 sumptum
366 3248 405 3306 ita
417 3256 448 3306 nt
462 3246 629 3325 deploratos
642 3250 814 3310 sanaverint.
836 3247 953 3307 laudant
967 3255 996 3306 et
1013 3249 1125 3326 caprini

130 3330 232 3406 capitis
249 3347 312 3390 cnm
330 3332 389 3390 suis
404 3331 470 3409 pilis
487 3331 609 3392 discocti
625 3351 733 3392 sucum.
828 3376 834 3387 .

87 3419 136 3472 211
203 3412 287 3493 (59.)
310 3414 485 3493 lenesmos,
508 3415 541 3475 id
565 3426 609 3476 est
628 3416 728 3478 crebra
753 3424 782 3475 et
804 3417 895 3474 inanis
918 3413 1051 3476 voluntas
1073 3414 1123 3476 de-
