2400 3840
141 189 182 247 40
479 198 510 247 C.
525 199 621 247 remu
638 198 788 250 suenum

99 364 208 418 33nam
227 363 257 414 et
278 353 333 414 luae
356 352 453 414 lerunt
470 355 500 412 in
517 353 588 412 Asia
607 370 641 413 ac
664 351 755 429 Syria.
785 352 922 413 falluntur
948 355 1004 432 qui>
1018 353 1139 426 eandem

144 446 245 515 putant
255 457 324 498 esse
338 457 355 497 e
367 439 451 515 picea
464 445 551 513 atque
567 435 665 497 larice.
682 439 765 515 picea
779 438 854 497 enim
870 439 1006 515 pinguem
1022 444 1053 496 et
1065 439 1138 497 turis

141 521 228 580 modo
243 538 375 581 sucosam
388 521 491 596 lundit,
507 518 581 579 larix
594 520 732 597 gracilem
748 538 781 580 ac
792 518 890 581 mellei
905 519 1038 598 liquoris,
1057 521 1136 580 virus

143 603 335 665 redolentem.
368 603 472 663 medici
491 602 598 680 liquida
612 621 680 663 raro
692 611 810 664 utuntur
823 612 853 663 et
865 606 894 663 in
910 621 968 664 oro
984 604 1049 664 fere
1064 623 1082 664 e
1098 603 1136 663 la·

142 689 203 747 rice
219 698 344 767 propter
355 687 633 764 tussimulceraque
650 689 811 763 viscerum,
839 705 895 755 nec
917 687 1004 765 pinea
1017 704 1164 766 magno-s

98 781 217 849 capere
243 774 273 831 in
296 789 365 847 usu,
393 772 504 830 ceteris
523 786 582 830 non
610 772 665 831 nisi
681 773 783 831 coctis.
813 779 843 830 et
864 770 1007 848 coquendi
1024 789 1135 849 genera

101 873 129 912 n.
148 875 172 909 ss
185 857 257 914 satis
273 854 541 916 demonstravimus.
574 854 607 914 ln
621 855 757 915 arborum
771 853 935 924 differentia
948 853 1045 933 placet
1059 863 1136 915 tere·

142 937 283 1015 linthina,
303 938 506 997 odoratissima
525 946 612 1016 atque
627 938 792 1015 levissima,
820 941 966 996 nationum
980 935 1087 1016 Cypria
1105 945 1138 998 et

141 1019 277 1097 Syriaca,
296 1030 417 1099 utraque
434 1021 529 1081 mellis
547 1022 637 1082 Attici
655 1022 775 1098 colore,
790 1021 843 1081 sed
861 1019 968 1099 Cypria
983 1023 1137 1081 carnosior

142 1106 317 1183 sicciorque.
335 1107 363 1165 in
388 1108 468 1165 sicco
491 1123 604 1182 genere
625 1113 766 1184 quaerunt
786 1114 816 1164 ut
835 1107 873 1164 sit
886 1104 1021 1181 candida,
1050 1122 1173 1183 pura,1o

141 1188 305 1267 perlucida,
343 1191 372 1249 in
396 1191 472 1248 omni
494 1197 589 1249 autem
614 1198 646 1249 ut
667 1197 799 1250 montana
832 1190 931 1267 potius
954 1206 1038 1266 quam
1061 1206 1135 1248 oam-

140 1275 266 1351 pestris,
299 1275 368 1333 item
397 1273 548 1350 aquilonia.
568 1275 666 1351 potius
694 1291 777 1351 quam
811 1273 846 1332 alr
871 1271 929 1333 alio
955 1279 1070 1333 vento·
1089 1291 1135 1332 re·

141 1356 263 1417 solvitur
287 1358 384 1416 resina
409 1356 444 1417 ad
466 1357 616 1417 volnerum
642 1376 710 1418 usus
736 1365 767 1416 et
792 1356 959 1434 malagmata
982 1355 1067 1432 oleo,
1105 1356 1135 1414 in

98 1452 131 1505 35
143 1442 281 1519 potiones
297 1440 454 1517 amygdalis
476 1443 588 1501 amaris.
632 1449 731 1501 natura
748 1443 777 1500 in
791 1439 933 1501 medendo
960 1438 1134 1500 contrahere

140 1524 279 1600 volnera,
307 1542 444 1602 purgare,
466 1523 612 1584 discutere
627 1523 836 1600 collectiones,
858 1525 930 1584 item
944 1523 1074 1601 pectoris
1093 1524 1171 1584 virs

140 1608 196 1683 tia,
224 1606 444 1686 [terebinthina]
472 1607 601 1667 inlinitur
622 1607 723 1668 eadem
745 1607 835 1668 calida
864 1607 1058 1668 membrorum
1085 1605 1136 1667 do·

140 1689 253 1749 loribus
277 1691 468 1768 spatiatisque
488 1691 518 1751 in
539 1689 604 1751 sole
627 1691 779 1768 avellitur,
815 1700 846 1751 et
866 1692 935 1751 totis
959 1690 1135 1769 corporibus

138 1791 311 1850 mangonum
325 1790 457 1833 maxume
475 1791 543 1835 cura
560 1774 596 1834 ad
606 1774 798 1853 gracilitatem
812 1774 1016 1837 emendandam
1031 1776 1134 1853 spatiis

39 1925 40 1928 Ἴ
139 1859 178 1915 ita
194 1856 354 1922 laxantium
364 1865 460 1918 cutem
474 1876 529 1936 per
546 1858 660 1935 singula
674 1858 801 1919 membra
819 1860 1030 1937 capacioraque
1054 1857 1135 1917 cibo-

96 1951 203 2005 36rnm
217 1941 348 2001 iacienda
363 1959 498 2020 corpora.
525 1940 699 2003 Proxumum
716 1943 811 2003 locum
826 1943 941 2020 optinet
959 1960 976 2002 e
998 1941 1134 2002 lentisco.
1145 1963 1173 2004 ao

138 2026 216 2085 inest
237 2026 263 2084 ei
283 2024 326 2084 tis
341 2025 557 2103 adstringendi,
572 2035 673 2087 movet
687 2035 721 2093 et,
733 2034 925 2087 anteceteras
942 2026 1060 2086 urinam.
1087 2044 1135 2086 re·

136 2108 233 2186 liquae
256 2116 389 2170 uentrem
414 2109 563 2186 molliunt,
585 2110 672 2170 cruda
687 2118 865 2186 concocunt,
890 2109 991 2170 tussim
1002 2117 1136 2170 veterem

139 2191 258 2260 sedant,
281 2190 386 2252 volvae
402 2209 492 2254 onera
509 2193 662 2252 extrahunt
680 2195 767 2253 etiam
788 2193 912 2254 suffitae.
940 2193 1074 2271 privatim
1087 2193 1135 2253 ad-

138 2282 291 2334 versantur
303 2277 402 2350 misce,
417 2292 508 2355 panos
525 2283 556 2335 et
572 2275 675 2336 similia
691 2295 753 2336 oum
774 2277 848 2350 sebo
864 2277 977 2337 taurino
997 2285 1027 2337 et
1045 2276 1134 2337 melle

139 2366 247 2417 sanant.
280 2358 436 2436 palpebras
448 2357 602 2419 lentiscina
624 2361 855 2422 commodissime
869 2359 994 2438 replicat
1001 2402 1011 2436 ,
1032 2361 1171 2425 lractisas

138 2459 254 2520 quoque
273 2441 423 2502 utilissima
439 2451 469 2502 et
487 2443 604 2503 auribus
621 2443 801 2521 purulentis,
824 2446 895 2505 item
909 2446 938 2505 in
954 2444 1067 2523 pruritu
1082 2463 1134 2523 ge·

138 2527 273 2586 citellum,
312 2528 398 2604 pinea
409 2527 512 2604 capitis
529 2525 698 2587 volneribus
715 2536 833 2606 optume
849 2527 990 2588 medetur.

94 2617 127 2672 et
204 2612 231 2669 7.
255 2609 337 2690 (23.)
368 2609 421 2670 Pin
436 2627 554 2688 quoque
570 2611 644 2671 unde
661 2619 692 2671 et
709 2613 813 2691 quihus
827 2613 1024 2672 conficeretur
1039 2611 1133 2672 modis

96 2689 391 2775 ¹⁴gss²indicarimus,.
408 2702 438 2754 et
462 2696 524 2755 elus
547 2695 604 2754 duo
624 2713 754 2773 genera,
778 2697 903 2774 spissum
927 2693 1132 2774 liquidumque.

137 2776 295 2852 spissarum
310 2777 461 2840 utilissima
479 2777 638 2838 medicinae
652 2777 780 2855 Bruttia,
798 2781 932 2856 quoniam
943 2779 1133 2857 pinguissima
1144 2799 1170 2842 ao

138 2866 169 2917 et
183 2859 398 2920 resinosissima
416 2869 552 2939 utrasque
569 2862 694 2940 praebet
708 2862 861 2938 utilitates,
877 2862 915 2924 ob
930 2861 959 2921 id
979 2863 1071 2940 magis
1088 2881 1134 2923 ru·

137 2940 188 3001 tila
203 2958 286 3019 quam
302 2949 429 3004 ceterae.
461 2945 489 3004 id
504 2946 580 3005 enim
598 2946 676 3024 quod
690 2948 720 3005 in
737 2946 795 3005 lroc
810 2946 947 3023 adiciunt,
972 2963 989 3005 e
1006 2945 1134 3006 mascula

93 3025 245 3090 esarhore
271 3025 423 3087 meliorem
441 3047 525 3106 esse,
559 3047 617 3090 uon
631 3030 758 3090 arbitror
775 3047 865 3108 posse
886 3027 1029 3107 intellegi.
1055 3027 1132 3089 Picis

135 3117 235 3169 natura
254 3109 416 3187 excalfacit,
433 3112 544 3191 explet,
560 3113 730 3174 adversatur
746 3115 881 3192 privatim
895 3121 1028 3173 cerastae
1049 3130 1125 3174 mor·

136 3193 218 3266 sibus
234 3211 297 3254 cum
312 3193 443 3273 polenta,
459 3198 528 3257 item
542 3199 665 3274 anginae
680 3215 743 3258 cum
759 3197 860 3274 melle,
884 3195 1167 3264 destillationibusss

137 3285 167 3337 et
192 3279 398 3339 sternumentis
419 3282 560 3359 apituita.
591 3279 707 3340 auribus
730 3281 888 3342 infunditur
913 3297 976 3340 cunr
993 3297 1131 3356 rosaceo,

134 3361 263 3421 inlinitur
278 3380 340 3422 cum
355 3381 432 3422 cera.
455 3372 536 3424 sanat
553 3363 700 3440 lichenas,
715 3357 811 3425 alnum
826 3363 932 3440 solvit,
952 3364 1133 3425 exscreatio·

135 3461 188 3503 nes
203 3448 335 3522 pectoris
352 3445 466 3506 adiuvat
482 3447 636 3522 ecligmate
649 3455 698 3506 aut
712 3447 801 3512 inlitis
815 3447 941 3509 tonsillis
955 3467 1018 3509 cum
1033 3446 1129 3508 melle.
