2400 3840
313 186 395 233 unu.
413 186 504 235 mrsu.
521 187 621 237 xxm.
644 183 670 232 t.
689 174 843 250 (oa—ot.)
1039 176 1079 237 25

89 341 155 403 dine
173 338 354 416 utilissimae,
368 341 438 400 item
454 341 647 402 comitialibus
662 349 693 402 et
703 340 871 420 hydropicis
890 343 1080 420 omnibusque

90 442 162 503 qima
188 423 353 485 maturanda
379 432 427 483 aut
453 424 630 486 discutienda
655 426 713 484 sint
733 426 908 503 inponuntur
933 426 1080 487 efficacius

89 508 169 568 calce
189 515 238 567 ant
257 509 335 567 nitro
360 515 409 566 aut
431 509 466 566 iri
487 508 618 569 admixta.
650 517 752 568 coctae
769 526 832 568 cum
847 509 961 589 hysopo
977 519 1080 588 pectus

89 599 229 671 purgant,
243 593 391 670 pituitam,
409 592 511 653 tussim
527 601 675 668 veterem,
696 611 759 652 cum
773 593 841 651 vino
862 602 957 653 autern
981 593 1081 653 sedem

68 683 120 736 set
137 683 265 735 tumores
281 673 466 735 maxillarum.
497 674 532 734 ad
544 674 727 752 furunculos,
744 692 853 754 panos,
869 676 1016 755 parotidas
1032 676 1081 736 de·

89 767 192 820 coctae
213 758 377 818 inlinuntur.
408 758 480 819 utile
506 767 537 819 et
556 759 680 820 decocto
699 759 803 820 lovere
820 778 934 837 earum,
959 761 1079 821 feminas

89 859 206 920 quoque
220 841 342 902 decocto
358 841 462 902 eodem
477 860 540 903 cum
556 843 624 903 leno
643 841 763 903 Graeco.
781 842 868 904 utiles
880 853 946 904 sunt
958 853 988 905 et
1000 844 1081 922 pleu-

89 927 180 985 riticis
195 933 224 985 et
240 924 496 1004 peripleumonicis
514 941 577 985 oum
593 931 657 983 ruta
673 934 776 986 coctae
792 933 822 985 et
840 926 972 985 omnibus
993 939 1123 1006 pro-123

90 1017 172 1085 sunt,
189 1009 321 1069 tibiarum
335 1008 481 1069 ulceribus
504 1028 567 1069 curn
588 1011 665 1070 aeris
676 1009 814 1083 .llore,et
827 1011 967 1089 parotidi,
985 1019 1082 1090 ptery-

58 1114 81 1156 rc
89 1093 146 1170 giis
159 1110 222 1152 curn
233 1093 339 1170 punico
354 1093 441 1169 malo,
451 1093 600 1170 ambustis,
609 1095 798 1171 pernionibus
813 1113 876 1154 cum
892 1094 1082 1171 cera,hydro·

89 1177 164 1254 picis
188 1183 290 1235 coctae
311 1177 340 1234 in
357 1178 425 1236 vino
442 1195 505 1236 cum
522 1177 667 1237 absinthio
689 1185 719 1237 et
744 1178 835 1237 larina
855 1178 1027 1238 hordeacea.
1041 1179 1082 1237 ni·

90 1268 136 1319 tro
145 1258 242 1319 addito
256 1257 441 1320 manducatae
456 1259 551 1320 alvom
566 1260 694 1337 solvont,
702 1262 887 1339 scorpionum
899 1262 1004 1321 ictibus
1017 1280 1081 1323 cum

90 1342 150 1403 sale
164 1343 249 1402 tritae
265 1341 431 1418 inlinuntur,
440 1344 630 1404 carbunculos
645 1344 797 1403 extrahunt
809 1345 838 1402 in
854 1346 921 1404 vino
934 1354 1035 1405 coctae
1052 1353 1083 1404 et

89 1427 242 1504 inpositae.
255 1426 451 1503 carcinomati,
467 1429 490 1486 si
503 1427 566 1486 sine
579 1426 678 1486 ulcere
694 1435 751 1503 est,
769 1444 853 1505 quam
867 1429 1083 1506 pinguissimam

58 1531 80 1572 rc
90 1510 172 1569 licum
186 1511 286 1588 inponi
301 1526 395 1587 paene
411 1510 558 1588 singulare
572 1510 731 1573 remedium
745 1519 808 1589 est,
834 1512 903 1570 item
919 1510 1082 1590 phagedae-

89 1611 153 1653 nae.
183 1594 255 1652 ciuis
270 1609 328 1652 non
343 1612 381 1653 ex
399 1593 454 1654 alia
475 1593 582 1655 arbore
599 1595 710 1672 acrior,
734 1603 856 1673 purgat,
873 1594 1127 1673 conglutinatus

90 1676 203 1754 replet,
218 1675 379 1754 adstringit.
400 1676 510 1737 bibitur
526 1686 556 1738 et
570 1678 607 1739 ad
617 1677 824 1738 discutiendum
835 1680 1003 1756 sauguinem
1015 1693 1083 1738 con·

90 1769 218 1835 cretum,
235 1762 305 1819 item
323 1763 490 1838 percussis,
505 1763 723 1841 praecipitatis,
746 1764 856 1841 ruptis,
879 1761 1028 1823 conuolsis
1044 1763 1084 1822 oi·

88 1845 169 1904 ueris
185 1841 201 1878 *
215 1842 232 1878 ’¹⁴‘
247 1844 358 1919 cyathis
383 1845 506 1922 singulis
526 1862 619 1923 aquae
642 1855 673 1906 et
694 1846 762 1907 olei.
791 1845 874 1905 datur
893 1846 1027 1906 tetanicis
1054 1853 1084 1906 ct

55 1943 80 1986 ao
89 1928 245 2005 spasticis,
259 1929 328 1987 item
342 1936 430 2006 potus
445 1928 494 1989 vel
508 1930 619 1989 inlusus
635 1916 823 1990 coeliacisbt
837 1929 1031 2005 dysintericis.
1052 1937 1083 1988 et

88 2012 117 2070 si·
130 2012 195 2088 quis
212 2028 325 2071 cocum
340 2011 409 2071 oleo
425 2021 638 2091 perunguatur,
659 2012 819 2073 excalfacit.
850 2011 926 2072 idem
937 2030 1001 2071 curn
1016 2029 1084 2072 cera

89 2102 120 2154 et
133 2111 258 2154 rosaceo
276 2094 413 2155 subactus
436 2096 575 2156 ambustis
596 2097 761 2156 cicatricem
783 2097 978 2156 tenuissimam
994 2095 1084 2155 obdu·

88 2178 136 2237 cit.
170 2175 316 2238 lusciosos
340 2196 379 2238 ex
403 2179 471 2240 oleo
486 2179 615 2240 inlicitus
637 2179 788 2257 emendat,
803 2178 987 2256 dentiumque
1012 2180 1083 2238 vitia

89 2261 196 2322 crebro
212 2264 324 2323 iricatu.
355 2262 480 2341 produnt
497 2265 598 2341 otiam,
622 2266 646 2323 si
661 2265 726 2342 quis
741 2262 875 2324 inclinata
893 2263 999 2323 arbore
1016 2282 1061 2322 su·
1074 2271 1127 2324 125

55 2361 79 2403 a
89 2346 159 2424 pino
179 2362 232 2406 ore
250 2345 374 2423 aliquem
386 2345 491 2407 nodum
506 2348 569 2407 eius
584 2364 681 2407 morsu
696 2347 848 2407 abstulerit
873 2346 951 2407 nullo
966 2346 1083 2407 vidente

89 2436 176 2506 atque
192 2446 255 2488 cum
271 2428 347 2489 aluta
360 2430 509 2507 inligatum
525 2430 594 2490 licio
610 2450 626 2490 e
643 2430 721 2490 collo
736 2429 936 2509 suspenderit,
961 2439 1082 2491 strumas

90 2518 120 2573 ct
137 2513 284 2590 parotidas
306 2514 419 2573 discuti.
449 2522 554 2574 cortex
574 2516 659 2573 tritus
679 2532 743 2574 curn
763 2514 831 2575 oleo
852 2514 963 2573 ventris
984 2513 1083 2573 ulcera

89 2604 179 2656 sanat.
209 2596 315 2657 crudae
330 2598 428 2673 grossi
443 2614 597 2672 verrucas,
620 2596 732 2672 thymos
752 2598 845 2672 nitro,
867 2596 959 2655 farina
980 2596 1083 2656 additis

90 2678 203 2740 tollunt.
240 2681 324 2760 spodi
345 2683 439 2741 vicem
472 2680 592 2742 exhibet
612 2681 778 2740 fruticuma
798 2678 895 2740 radice
918 2682 1084 2740 exeuntium

55 2764 171 2823 aociuis.
201 2763 247 2825 his
276 2764 353 2824 lotus
382 2760 497 2825 adiecto
521 2763 668 2842 psimithio
686 2763 829 2842 digeritur
845 2764 875 2823 in
891 2763 1025 2842 pastillos
1048 2763 1083 2824 ad

89 2845 188 2909 ulcera
204 2849 352 2908 oculorum
366 2857 397 2908 et
411 2849 583 2908 scabritiam.

153 2932 235 3011 (64.)
268 2930 426 3009 Caprilicus
445 2935 596 2992 etiamnum
610 2931 701 2992 multo
722 2933 870 2993 ellicacior
883 2932 947 2991 lico.
980 2931 1062 2991 lactis
1076 2940 1127 2995 126

88 3015 182 3075 minus
197 3014 297 3092 habet,
307 3014 423 3075 surculo
437 3033 554 3093 qnoque
568 3017 631 3076 eius
649 3015 724 3075 lacte
736 3016 905 3094 coagulatur
918 3018 947 3074 in
959 3032 1082 3075 caseum.

89 3108 245 3177 exceptum
260 3098 289 3157 id
307 3107 494 3176 coactumque
512 3101 541 3159 iu
557 3099 689 3158 duritiam
703 3101 872 3159 suavitatem
883 3099 1019 3161 carnibus
1037 3097 1084 3156 ad-

55 3181 157 3242 rciert.
176 3183 295 3242 fricatur
306 3181 396 3242 diluto
416 3200 454 3242 ex
468 3185 708 3259 aceto,miscetur
723 3182 944 3243 exulceratoriis
960 3181 1082 3241 medica-

88 3268 206 3343 mentis,
221 3265 316 3326 alrom
331 3265 436 3342 solvit,
457 3265 570 3325 volvam
584 3283 648 3326 cum
662 3264 755 3342 amplo
771 3266 876 3345 aperit,
894 3282 1010 3324 meuses
1025 3265 1083 3323 ciet

89 3367 154 3409 cum
169 3350 250 3410 luteo
265 3351 323 3410 ori.
359 3347 525 3426 podagricis
545 3367 609 3411 cum
630 3350 722 3409 lerina
742 3347 845 3409 Graeci
865 3348 925 3407 leni
945 3346 1081 3406 inlinitur.

90 3450 189 3511 opras,
208 3450 331 3512 psoras,
349 3431 498 3509 lichenas,
515 3430 673 3509 lentigines
689 3440 851 3511 expurgat,
868 3433 941 3490 item
955 3447 1091 3488 uenena·
