2400 3840
319 217 399 266 unr.
418 218 509 266 urar.
524 218 648 265 xxvur.
667 217 692 271 9.
709 206 862 283 (aa-et.)
1024 206 1079 268 181

92 388 195 447 causa,
224 373 357 449 quoniam
378 372 408 432 id
430 371 532 431 animal
556 371 708 431 herbarum
730 370 874 430 radicibus
896 374 1023 431 rescitur
1042 405 1084 419 -

92 456 188 533 itaque
204 455 290 514 etiam
304 456 371 514 fimo
388 456 527 514 innumeri
542 473 610 514 usus
628 488 684 531 —-‚
702 453 886 533 quamobrem
900 471 957 513 non
973 454 1009 513 de
1028 455 1082 515 alia

92 539 243 616 loquemur
258 556 320 599 sue.
336 539 424 598 multo
436 538 587 598 efficacior
602 537 745 613 efemina,
762 546 791 597 et
806 554 880 615 quae
890 553 947 597 non
958 540 1083 615 peperit,

92 622 179 682 multo
202 640 273 681 vero
296 624 489 700 praestantior
508 623 537 680 in
557 623 636 700 apris
657 629 712 681 est.
740 622 827 698 igitur
851 639 919 680 usus
941 623 1083 697 axungiae

65 715 137 767 aest
154 706 189 765 ad
205 704 394 783 emollienda,
417 705 652 782 excalfacienda,
675 704 852 764 discutienda
867 705 1082 784 purgandaque.

91 789 269 848 medicorum
283 788 369 866 aliqui
389 789 514 849 admixto
536 790 648 849 anseris
666 788 751 865 adipe
772 797 975 868 taurorumque
991 788 1063 848 sebo
1075 798 1126 854 1³7

94 882 123 931 et
139 889 252 949 oesypo
273 873 309 932 ad
323 872 468 950 podagras
488 872 528 932 uti
545 870 659 949 iubent,
680 873 705 931 si
726 890 797 931 vero
813 881 961 950 permanet
987 871 1082 946 dolor,

94 973 157 1014 cum
174 973 252 1029 cera,
268 965 372 1032 myrto,
388 957 495 1030 resina,
512 957 588 1033 pica.
613 956 727 1015 sincera
743 957 866 1032 axungia
880 955 1010 1015 medetur
1026 974 1083 1016 am·

93 1038 183 1097 bustis
197 1039 244 1098 vel
258 1040 336 1114 nive,
354 1037 542 1117 pernionibus
559 1047 654 1098 autem
667 1056 730 1097 cum
740 1037 841 1098 hordei
853 1041 951 1099 ninere
963 1048 992 1098 et
1007 1038 1085 1115 galla

57 1141 83 1181 so
94 1123 155 1200 pari
173 1121 269 1181 modo.
302 1123 423 1200 prodest
440 1131 468 1180 et
484 1120 651 1181 confricatis
666 1120 809 1197 membris,
824 1123 1014 1200 itinerumque
1028 1122 1084 1182 las·

92 1205 231 1265 situdines
247 1214 276 1263 et
288 1204 474 1280 fatigationes
489 1204 578 1263 levat.
608 1204 643 1264 ad
658 1205 756 1262 tussim
772 1213 902 1263 ueterem
916 1222 1020 1264 recens
1036 1206 1084 1265 de·

93 1289 227 1365 coquitur
238 1286 401 1364 quadrantis
414 1286 544 1365 pondere
556 1288 583 1345 in
592 1287 647 1345 vini
655 1285 765 1360 cyathis
777 1285 868 1346 tribus
880 1287 975 1346 addito
988 1289 1084 1347 melle.

93 1379 177 1430 vetus
189 1370 274 1428 etiam
289 1368 410 1446 phthisis
423 1368 519 1447 pilulis
532 1379 643 1447 sumpta
657 1377 738 1428 sanat
750 1386 823 1446 quae
835 1370 897 1428 sine
911 1368 973 1429 sale
985 1373 1063 1430 inve·
1076 1381 1128 1435 138

93 1462 183 1512 terata
195 1460 248 1511 est.
268 1453 382 1510 omnino
398 1454 472 1511 enim
487 1469 546 1511 non
557 1454 611 1511 nisi
624 1452 659 1512 ad
675 1469 709 1512 ea
726 1469 800 1530 quae
812 1452 960 1528 purganda
973 1454 1029 1511 sint
1040 1462 1088 1514 aut

58 1555 83 1594 15
94 1553 167 1614 quae
182 1553 239 1594 nou
256 1538 311 1594 sint
323 1535 491 1595 exulcerata
501 1533 610 1596 Gallica
623 1536 773 1614 recipitur.
798 1534 910 1612 quidam
923 1536 1086 1612 quadrantis

94 1620 236 1695 axungiae
244 1618 362 1677 etmulsi
374 1620 402 1677 in
408 1619 467 1677 uini
473 1618 583 1693 cyathis
595 1618 837 1679 tribusdecocunt
847 1629 946 1678 contra
955 1619 1085 1697 phthisis,

94 1711 196 1781 quarto
204 1719 320 1780 quoque
332 1702 378 1761 die
389 1703 484 1781 picem
495 1702 629 1780 liquidam
637 1705 667 1763 in
679 1720 736 1762 ovo
745 1703 817 1763 sumi
829 1703 937 1778 iubent,
945 1703 1085 1763 circumli-

93 1793 177 1863 gatur
198 1794 228 1844 et
247 1785 386 1846 lateribus
407 1787 536 1865 pectoris
555 1796 586 1846 et
609 1787 737 1866 scapulis
759 1805 858 1848 eorum
880 1789 928 1865 qui
951 1786 1086 1865 phthisim

94 1869 226 1944 sentiunt,
239 1878 374 1948 tantaque
389 1879 435 1929 est
444 1871 489 1930 vis
501 1879 531 1930 ut
543 1870 666 1947 genibus
678 1873 764 1932 etiam
777 1870 931 1946 adalligata
946 1870 1047 1930 redeat
1057 1873 1086 1930 in

57 1975 83 2014 ao
95 1969 128 2011 os
140 1969 229 2029 sapor
240 1971 361 2030 eamque
374 1971 520 2031 exspuere
529 1954 690 2015 videantur.
707 1973 723 2013 e
737 1972 787 2013 sue
801 1971 874 2031 quae
885 1970 941 2012 non
956 1956 1070 2031 peperit
1078 1963 1128 2018 139

94 2037 242 2113 aptissime
265 2044 379 2096 utuntur
399 2036 434 2095 ad
456 2046 549 2096 cutem
571 2038 724 2113 mulieres,
750 2047 850 2097 contra
872 2034 999 2096 scabiem
1015 2053 1085 2096 vero

94 2119 188 2196 quivis
204 2119 329 2178 admixto
342 2121 531 2179 iumentorum
543 2120 616 2179 sebo
629 2138 682 2199 pro
698 2129 780 2198 parte
796 2121 880 2181 tertia
898 2123 1019 2201 siplae,
1036 2137 1085 2198 pa·

93 2205 221 2278 riterque
239 2202 471 2262 subfervefactis.
504 2205 618 2263 sincera
633 2213 732 2284 partus
747 2205 775 2263 in
790 2204 921 2264 abortum
940 2204 1086 2281 vergentis

95 2286 182 2344 nutrit
196 2285 301 2359 collyri
322 2284 408 2345 modo
426 2285 546 2347 subdita.
578 2288 732 2348 cicatrices
752 2288 925 2347 concolores
949 2288 1019 2346 facit
1038 2306 1085 2346 ce·

58 2385 178 2428 aarussa
193 2367 316 2428 admixta
336 2369 384 2427 vel
405 2372 516 2446 argenti
533 2388 649 2450 spuma,
675 2381 703 2430 at
725 2388 788 2430 cum
810 2371 928 2449 sulpure
952 2373 1087 2447 unguium

95 2449 247 2511 scabritias
262 2452 402 2511 emendat.
432 2453 563 2512 medetur
576 2462 605 2512 et
617 2453 724 2531 capillo
741 2453 838 2512 fluenti
854 2462 882 2512 et
898 2453 1045 2512 ulceribus
1059 2455 1087 2511 in

96 2535 191 2612 capite
214 2534 363 2593 mulierum
383 2553 446 2595 cum
466 2536 563 2611 gallae
585 2544 667 2614 parte
689 2544 789 2613 quarta
813 2545 842 2594 et
861 2536 995 2594 infumata
1020 2535 1087 2613 pilis

95 2616 255 2678 oculorum.
286 2617 366 2677 datur
390 2627 420 2677 et
434 2618 582 2696 phthisicis
600 2620 732 2678 unciatim
751 2636 813 2677 cum
832 2619 890 2676 vini
908 2619 1016 2676 veteris
1037 2617 1086 2676 he·

94 2701 169 2760 mina
185 2700 307 2760 decocta
322 2700 417 2761 donec
432 2711 492 2760 tres
510 2703 612 2762 unciae
627 2720 644 2760 e
664 2711 725 2760 toto
745 2709 872 2776 restent,
889 2701 1034 2777 —aliqui
1058 2709 1087 2760 et

56 2804 85 2846 ao
95 2783 189 2842 mellis
205 2784 338 2859 exiguum
351 2785 487 2859 adiciunt,
501 2818 544 2829 -
559 2786 640 2864 panis
655 2785 734 2844 inlita
751 2803 814 2844 cum
829 2784 921 2860 calce,
939 2785 1006 2843 item
1024 2784 1065 2844 fu·
1079 2794 1130 2847 140

94 2866 222 2926 runculis
240 2866 419 2947 duritiaeque
436 2886 627 2930 mammarum.
659 2876 742 2946 rupta
765 2878 794 2928 et
816 2868 955 2928 convolsa
976 2877 1004 2928 et
1020 2886 1085 2948 spa·

95 2959 185 3010 smata
201 2958 230 3009 ct
246 2951 342 3012 luxata
358 2962 450 3029 sanat,
467 2954 567 3014 clavos
583 2962 612 3013 et
625 2955 710 3012 rimas
726 2952 850 3030 callique
866 2953 934 3013 vitia
951 2972 1013 3012 cum
1025 2952 1085 3012 hel·

95 3033 200 3094 laboro
216 3033 300 3110 albo,
322 3036 468 3113 parotidas
483 3037 605 3097 admixta
618 3037 709 3096 farina
726 3035 961 3096 salsamentariae
981 3044 1085 3110 testae,

96 3135 153 3195 quo
170 3135 280 3194 genere
291 3119 406 3196 proficit
420 3127 450 3178 et
465 3119 501 3180 ad
515 3129 647 3179 strumas.
670 3121 796 3197 pruritus
815 3129 843 3178 et
859 3120 980 3197 papulas
994 3120 1021 3176 in
1038 3117 1085 3175 ba·

59 3201 175 3260 aalinec
201 3203 349 3279 perunctis
375 3201 465 3277 tollit,
492 3202 607 3280 alioque
632 3205 781 3262 etiamnum
808 3202 892 3262 modo
919 3202 1086 3280 podagricis

94 3284 217 3361 prodest
232 3285 321 3344 mixto
338 3285 406 3345 oleo
423 3295 541 3360 vetere,
564 3288 693 3366 contrito
710 3304 764 3345 uua
783 3285 967 3363 sarcophago
989 3283 1085 3361 lapide

97 3376 127 3425 et
143 3368 341 3446 quinquefolio
362 3378 446 3428 tunso
467 3370 496 3427 in
513 3369 579 3427 vino
597 3369 645 3428 vel
662 3389 726 3429 cum
741 3370 823 3430 calce
839 3368 886 3428 vel
899 3386 961 3428 cum
977 3369 1084 3428 cinere.

95 3450 168 3509 facit
182 3461 212 3510 et
226 3452 373 3530 peculiare
389 3451 573 3531 emplastrum
591 3452 725 3513 11an
739 3453 864 3533 ponderi
885 3461 1010 3512 cenum
1023 3467 1097 3522 aqa-
