2400 3840
139 184 179 247 61
450 192 480 241 0.
495 193 591 263 emur
607 191 734 264 acuum

98 362 151 419 170
213 349 262 413 19.
283 349 386 431 (106.)
417 347 516 412 Herba
535 349 565 408 in
581 348 677 428 eapite
692 353 805 408 statuae
822 353 889 406 nata
904 345 1029 407 collecta
1045 346 1075 407 iu
1086 365 1136 423 ve·

140 436 194 497 stis
213 433 333 495 alicuius
348 451 472 513 pannum
490 440 520 494 et
540 431 660 509 inligata
675 433 705 493 in
721 430 781 491 lino
802 429 868 491 rulo
885 431 989 509 capitis
1015 428 1135 493 dolores

139 518 273 600 adposita
295 518 450 580 confestim
467 515 571 577 sedare
588 514 717 576 traditur.

201 601 304 681 (107.)
338 600 436 661 Herba
452 616 649 678 quaecumque
673 617 690 659 e
712 598 783 657 rivis
810 605 859 658 aut
879 596 1041 658 fluminibus
1068 607 1136 666 aute

140 685 213 746 solis
232 693 326 746 ortum
339 676 464 745 collecta
476 686 517 744 ita
528 692 559 743 nt
570 699 654 744 nemo
670 679 859 759 colligentem
870 681 967 743 videat
981 679 1157 763 adalligatus

140 769 226 830 laevo
247 767 383 829 bracchio
403 769 444 829 ita
463 775 495 827 01
511 784 603 844 aeger
625 765 694 844 quid
709 766 749 827 sit
763 763 832 824 illud
856 765 975 842 ignoret
994 765 1134 827 tertianas

139 871 243 912 arcere
263 850 392 912 traditur.

204 935 307 1013 (108.)
341 933 450 1014 Lingua
471 934 562 994 herba
583 934 710 995 nascitur
731 934 808 995 cirea
827 932 925 993 iontis.
957 930 1041 993 radix
1070 934 1134 995 eius

142 1017 292 1080 combusta
307 1024 337 1077 et
355 1020 422 1079 trita
437 1036 499 1078 cum
518 1016 603 1095 adipe
620 1019 680 1078 suis
701 1051 744 1062 —
766 1016 892 1078 adiciunt
906 1024 938 1075 ut
953 1018 1036 1094 nigra
1051 1017 1090 1077 sit
1105 1024 1137 1078 et

142 1101 252 1163 sterilis
271 1100 478 1180 -alopecias
495 1099 628 1161 emendat
645 1102 832 1178 unguentium
846 1101 877 1158 in
896 1098 970 1160 sole.
1145 1115 1170 1159 m

100 1197 151 1251 111
215 1184 317 1265 (109.)
348 1182 453 1246 (lribro
469 1185 500 1244 iu
516 1183 607 1244 limite
625 1184 740 1244 abiecto
757 1183 867 1245 herbae
886 1184 963 1244 intus
985 1191 1136 1247 exstantes

143 1270 299 1346 decerptae
318 1267 547 1348 adalligataeque
561 1267 689 1346 gravidis
705 1275 804 1347 partus
821 1265 996 1329 adcelerant.

203 1353 305 1433 (110.)
335 1350 433 1414 Herba
452 1370 526 1432 quae
545 1353 674 1430 gignitur
695 1351 899 1431 superducta
928 1351 1004 1412 ruris
1033 1361 1136 1413 contra

142 1439 262 1514 anginas
285 1437 486 1498 efficacissime
507 1435 601 1514 pollet
617 1453 655 1496 ex
668 1452 741 1512 aqua
760 1444 837 1515 pota.
912 1461 914 1464 ·

205 1521 308 1600 (lli.)
336 1519 433 1581 Herba
449 1521 528 1579 iuxta
542 1536 625 1597 qoam
645 1537 733 1579 canes
755 1520 864 1580 urinam
884 1519 1005 1580 fundunt
1032 1519 1167 1585 01010011

147 1622 184 1664 00
200 1606 281 1664 ierro
299 1605 456 1679 attingatur
473 1603 577 1662 luxatis
593 1602 746 1663 celerrime
761 1601 901 1664 medetur.

102 1696 153 1753 171
216 1686 317 1765 (112.)
350 1683 553 1764 Rumpotinum
569 1685 704 1745 arborem
722 1686 979 1749 demonstravimus
1000 1689 1077 1748 iuter
1091 1705 1136 1749 ar·

102 1769 131 1811 ¹⁴·
145 1771 166 1805 ¹¹
188 1769 280 1829 busto.
311 1771 390 1829 iuxta
406 1768 477 1829 hauc
491 1767 603 1827 viduam
617 1770 678 1828 vite
695 1771 822 1829 nascitur
843 1769 934 1830 herba
954 1788 1037 1848 quam
1061 1768 1135 1831 Galli

145 1852 280 1913 rodarum
296 1861 410 1913 vocant.
435 1851 546 1912 caulem
560 1851 648 1912 habet
663 1853 765 1931 virgae
783 1853 924 1913 10010000
944 1854 1031 1914 modo
1052 1857 1134 1931 geni-

35 1965 36 1968 *
144 1934 647 2014 0010100,1011001·1100010010110
663 1936 812 2012 exalbida,
834 1935 935 1998 eadem
953 1937 1133 2014 procedente
1143 1951 1170 1993 ao

145 2029 278 2099 tempore
301 2028 362 2081 1010
377 2019 526 2096 rubentia,
550 2018 652 2079 florem
665 2030 846 2097 argenteum,
861 2023 1018 2099 praecipua
1033 2028 1136 2082 contra

144 2110 273 2164 tumores
288 2105 480 2181 fervoresque
493 2110 523 2164 01
535 2101 795 2164 collectioneseum
803 2104 927 2181 uuugia
941 2113 1135 2165 veteretuusa

144 2187 184 2246 ita
209 2195 241 2246 01
266 2188 347 2247 ierro
373 2205 431 2248 non
442 2188 605 2262 attingatur.
636 2191 683 2264 qui
710 2194 866 2265 perunctos
890 2195 936 2246 001
958 2186 1074 2266 despuit
1099 2189 1135 2248 ad

146 2287 226 2329 suam
239 2270 370 2330 dextram
385 2279 475 2330 terna.
505 2269 649 2329 efficacius
665 2268 823 2330 remedium
840 2288 908 2330 0000
923 2271 1016 2348 01001,
1034 2273 1058 2332 01
1073 2280 1134 2332 tres

145 2370 261 2431 quoque
278 2355 363 2412 trium
378 2355 524 2413 nationum
537 2351 668 2412 homiues
683 2361 864 2432 perunguant
881 2353 1061 2415 dextrorsus.
1144 2373 1170 2414 aa

104 2447 156 2503 113
220 2436 323 2517 (113.)
352 2436 449 2497 Herba
466 2437 544 2514 inpia
559 2443 679 2497 vocatur
693 2438 810 2514 100000,
836 2438 1013 2497 rorismariui
1032 2437 1135 2519 adspe-

145 2529 216 2597 ctu,
236 2519 327 2596 thyrsi
349 2523 379 2581 in
400 2520 515 2581 modum
537 2521 644 2580 vestita
661 2527 747 2599 atque
771 2522 903 2599 capitata.
934 2520 1002 2581 inde
1020 2520 1069 2582 alii
1091 2540 1136 2582 ra-

144 2604 212 2665 muli
231 2612 392 2682 ersurgunt
406 2622 457 2664 sua
471 2604 596 2683 capitula
613 2613 769 2682 gerentes,
788 2603 825 2663 ob
842 2603 870 2664 id
882 2605 990 2683 inpiam
1007 2605 1136 2684 appella·

145 2707 216 2748 vere
226 2731 236 2765 ,
259 2689 392 2766 quoniam
407 2687 493 2748 liberi
510 2706 599 2766 super
614 2696 765 2766 parentem
780 2687 932 2748 excellant.
967 2688 1015 2749 alii
1036 2691 1135 2768 potius

146 2771 185 2830 ita
204 2770 393 2848 appellatam,
409 2771 487 2848 quod
502 2771 609 2830 nullum
627 2771 729 2831 animal
751 2789 815 2830 eam
829 2773 967 2849 attingat,
989 2774 1170 2833 existima-ao

103 2861 155 2917 111
165 2871 246 2912 vere.
276 2852 348 2912 haec
362 2855 440 2912 inter
455 2853 527 2913 duos
543 2852 654 2931 lapides
673 2855 741 2913 trita
751 2854 847 2915 fervet
864 2858 1022 2934 praecipuo
1035 2857 1136 2916 adver-

147 2954 196 2995 sus
209 2937 328 3012 anginas
345 2953 427 3012 suco,
444 2936 519 2996 lacte
535 2945 565 2997 et
583 2937 651 2996 vino
664 2936 797 2997 admixto.
813 2940 913 2997 mirum
926 2937 1047 3000 traditur
1058 2958 1136 3000 num-

145 3037 229 3097 quam
249 3035 286 3079 eo
301 3017 404 3078 morbo
423 3021 557 3098 temptari
580 3021 627 3098 qui
648 3023 837 3097 gustaverint.
871 3023 970 3100 itaque
994 3031 1024 3082 et
1045 3023 1135 3084 subus

146 3102 223 3179 dari,
236 3119 367 3181 quaeque
378 3101 613 3163 medicamentum
627 3104 657 3164 id
672 3104 819 3167 noluerint
838 3105 955 3166 haurire
973 3123 1010 3166 00
1030 3106 1135 3168 morbo

146 3187 290 3246 interemi.
320 3194 386 3247 suut
411 3189 458 3264 qui
481 3188 575 3246 avium
598 3187 672 3248 nidis
689 3189 780 3249 inseri
799 3188 906 3266 aliquid
927 3208 965 3249 ex
985 3208 1020 3250 ea
1031 3195 1168 3269 putentes

146 3278 233 3348 atque
252 3272 291 3329 ita
306 3288 366 3331 nou
380 3270 552 3348 strangulari
569 3271 664 3349 pullos
683 3271 793 3332 avidius
806 3273 982 3332 devorantis.

104 3363 155 3419 115
217 3353 319 3433 (114.)
349 3353 475 3415 Veneris
490 3357 635 3433 pectinem
650 3355 797 3434 appellant
812 3373 828 3415 0
844 3355 1028 3416 similitudine
1043 3357 1135 3436 pecti·

147 3455 212 3496 num
224 3440 304 3498 cuius
315 3436 396 3497 radix
407 3457 469 3498 eum
480 3439 571 3499 malva
583 3447 666 3499 tunsa
674 3439 890 3517 omniacorpori
899 3439 985 3508 101110
1000 3440 1133 3502 extrahit.
