2400 3840
314 215 394 265 usu.
410 213 501 268 man.
517 216 612 264 xxva.
629 215 670 269 14.
689 218 730 270 15.
746 211 896 281 (et-oo.)
1030 207 1090 271 127

95 373 244 436 Paeoniae
260 371 369 432 herbae
383 389 482 431 semen
497 373 609 449 nigrum
627 388 665 432 ex
682 389 755 451 aqua
768 373 871 434 mulsa.
900 375 1048 435 eadem'et
1061 377 1091 437 in

95 457 196 518 radice
209 456 253 515 vis
264 473 381 514 menses
398 455 465 532 ciet,
482 457 601 533 panacis
617 472 716 515 samen
736 474 799 516 oum
814 455 958 518 absinthio
973 477 1090 518 menses

96 548 126 601 et
140 539 277 615 sudores,
300 538 445 599 scordotis
467 546 536 615 potu
559 548 588 598 et
607 539 696 599 inlitu.
729 539 883 600 Vettonica
906 541 1041 602 drachma
1062 543 1091 601 io

95 624 155 683 uini
170 622 282 698 cyathis
306 621 396 682 tribus
418 620 524 681 bibitur
545 631 645 683 contra
667 624 761 683 omnia
782 623 931 684 volvarum
951 626 1020 685 uitia
1042 635 1093 687 aut

69 725 171 786 squas
187 725 203 766 a
220 715 301 784 partu
317 707 396 766 liunt.
428 721 543 764 menses
557 706 660 766 nimios
682 708 755 766 sistit
768 706 893 767 Achillia
910 709 1035 787 inposita
1060 719 1091 769 at

95 792 248 850 decoctum
270 787 569 852 eiusinsidentibns·
589 790 717 850 Mammis
737 791 883 869 inponitur
902 791 1071 867 hyoscyami
1081 803 1132 856 152

96 891 195 934 semen
213 891 250 932 ex
265 874 343 948 vino,
358 873 435 932 locis
447 871 530 932 radix
546 873 575 931 in
590 872 806 950 cataplasmate,
824 881 852 932 et
865 876 992 935 mammis
1006 878 1091 935 etiam

95 956 268 1016 chelidonia·
303 955 447 1015 secundas
462 956 598 1015 morantis
619 956 668 1015 vel
687 965 787 1037 partus
809 967 957 1018 emortuos
976 958 1091 1018 radices

94 1041 214 1118 panacis
222 1038 373 1116 adpositae
386 1038 548 1098 extrahunt.
566 1040 659 1117 ipsum
670 1056 795 1118 panaces
808 1041 910 1102 inuino
924 1042 1091 1120 potumvol·

59 1144 84 1185 ro
94 1140 146 1182 vas
162 1131 266 1200 purgat
279 1121 501 1200 adpositumque
516 1140 581 1181 cum
592 1122 689 1182 mella.
711 1123 879 1184 Polemonia
892 1135 962 1203 pota
972 1143 1011 1185 ex
1022 1127 1090 1184 vino

94 1204 238 1266 secundas
262 1205 359 1283 pellit,
380 1203 483 1264 nidore
506 1206 626 1280 corrigit
644 1205 756 1265 volvas.
798 1205 934 1267 Centauri
952 1209 1070 1267 minoris
1083 1219 1134 1272 153

94 1307 181 1349 sucus
196 1297 266 1366 potu
280 1289 402 1367 fotuque
418 1305 534 1347 menses
552 1289 624 1362 ciet,
649 1290 717 1347 item
738 1290 855 1349 maioris
874 1291 957 1350 radix
977 1293 1007 1350 in
1024 1290 1088 1351 vol·

92 1391 149 1432 uae
164 1370 314 1431 doloribus
329 1372 432 1431 iisdem
447 1371 539 1430 modis
553 1371 687 1449 prodest,
705 1371 806 1432 derasa
822 1391 895 1432 vero
911 1383 941 1432 et
958 1373 1091 1451 adposita

94 1455 219 1516 extrahit
237 1463 336 1532 partus
351 1463 509 1516 emortuos.
542 1455 678 1532 plantago
697 1454 852 1533 adponitur
866 1457 894 1515 in
915 1457 1023 1516 tanain
1041 1455 1089 1515 do·

58 1560 84 1602 ro
97 1539 162 1599 lore
184 1538 300 1614 volvae,
316 1539 344 1597 in
360 1537 538 1614 strangulatu
553 1536 675 1613 bibitur,
699 1539 751 1598 sed
775 1541 932 1617 praecipua
948 1538 1089 1598 dictamno

93 1622 139 1680 uis
153 1630 206 1681 est.
243 1638 359 1682 menses
383 1623 457 1696 ciet,
485 1631 585 1700 partus
606 1631 752 1681 emortuos
773 1621 823 1682 uel
843 1632 990 1683 traversos
1012 1623 1090 1682 eicit.

94 1703 201 1765 bibitur
217 1722 254 1764 ex
276 1723 350 1784 aqua
364 1705 500 1764 foliorum
515 1703 622 1780 obolo,
646 1705 720 1765 adco
742 1705 776 1765 ad
792 1705 866 1767 haec
881 1707 987 1767 eilicax
1006 1716 1038 1765 nt
1054 1724 1090 1765 ne

93 1791 123 1848 in
147 1786 308 1848 cubiculum
325 1788 440 1867 quidem
459 1791 658 1866 praegnatium
678 1789 827 1849 inferatur.
863 1808 919 1850 nec
940 1798 1010 1867 potu
1029 1799 1095 1869 tan-⁸

94 1881 153 1932 tum
175 1870 227 1930 sed
256 1880 284 1931 et
307 1872 387 1931 inlitu
410 1880 439 1931 et
462 1872 558 1932 suilltu
580 1872 668 1932 ualet.
690 1881 845 1950 'proxuma
866 1872 1134 1953 pseudodicta·154

57 1977 84 2018 so
94 1973 196 2030 mnam,
214 1955 266 2014 sed
284 1971 400 2014 menses
416 1956 474 2015 ciet
486 1972 550 2014 cum
570 1971 655 2031 mero
669 1955 821 2015 decoctum
834 1955 932 2016 denari
948 1954 1090 2034 pondere.
1146 2023 1151 2031 ¹

94 2037 224 2118 pluribus
239 2046 335 2098 tamen
350 2037 443 2097 modis
466 2036 653 2098 aristolochia
677 2037 813 2115 prodest,
835 2056 899 2099 nam
925 2048 955 2098 et
975 2056 1090 2098 mensos

94 2130 124 2181 et
141 2121 284 2181 secundas
302 2122 361 2180 ciet
383 2128 413 2180 et
431 2130 578 2181 emortuos
597 2129 697 2198 partus
717 2122 856 2199 extrahit,
879 2138 974 2182 murra
997 2130 1027 2182 et
1047 2121 1090 2201 pi·

93 2223 165 2283 pere
179 2204 283 2264 additis
298 2213 368 2283 pota
382 2203 431 2264 vel
449 2203 572 2265 subdita.
602 2204 707 2265 volvas
721 2222 837 2284 quoque
854 2206 1033 2285 procidentis
1048 2207 1090 2264 in·

93 2287 173 2349 hibet
188 2289 250 2348 fotu
267 2287 316 2348 vel
332 2288 427 2348 suihtu
440 2289 488 2348 vel
501 2288 641 2364 subiecto,
658 2306 789 2350 maxume
801 2290 903 2349 tenuis.
929 2291 1133 2366 strangu-155

58 2390 85 2430 25
95 2370 182 2432 latum
198 2371 233 2431 ab
249 2371 293 2430 his
309 2389 497 2450 mensumque
514 2371 713 2431 difficultatem
724 2374 871 2448 agaricum
887 2372 983 2440 obolis
1000 2371 1091 2432 tribus

93 2457 122 2514 io
136 2456 194 2514 uini
210 2457 319 2514 ueteris
343 2455 447 2530 cyatho
466 2463 565 2532 potum
587 2454 736 2530 emendat,
758 2459 940 2532 peristereos
957 2455 1091 2533 adposita

92 2540 123 2597 ln
143 2537 228 2615 adipe
249 2537 334 2598 suillo
357 2538 485 2612 recenti,
507 2535 683 2595 antirrhinon
707 2554 770 2595 cum
794 2555 919 2598 rosaceo
943 2547 972 2597 et
991 2537 1090 2612 melle,

92 2623 161 2680 item
184 2619 316 2697 adposita
335 2617 515 2697 nymphaeae
540 2617 699 2678 Thessalae
718 2618 803 2679 radlx
825 2620 919 2680 dolori
948 2619 1091 2696 medetur,

92 2705 122 2762 in
144 2704 209 2761 vino
232 2703 318 2779 nigro
332 2710 402 2781 pota
423 2701 564 2780 produvia
586 2700 704 2760 inhibet.
738 2702 891 2762 ediverso
917 2705 975 2763 ciet
995 2699 1107 2778 cyma-⁸

56 2787 160 2856 sonaim
177 2785 259 2844 radix
275 2793 342 2864 pota
366 2793 395 2846 et
408 2784 558 2864 adposita,
582 2793 611 2844 et
634 2785 751 2845 vesicae
770 2785 950 2846 insidentium
966 2786 1091 2847 decocto

64 2910 68 2918 ·
93 2868 233 2930 medetur.
256 2869 404 2947 Secundae
419 2876 488 2948 pota
504 2869 716 2931 cissanthemos
732 2869 830 2948 pellit,
847 2870 1132 2935 volvamsanat.156

95 2971 112 3013 e
126 2953 227 3032 xiphio
242 2952 324 3013 radix
343 2954 478 3032 superior
492 2971 609 3014 menses
627 2954 685 3012 ciet
700 2952 835 3014 drachma
856 2973 893 3014 ex
909 2963 994 3016 aceto
1009 2963 1088 3035 pota.

95 3036 294 3116 peucedanum
306 3037 611 3114 strangulatusvolvae
623 3035 724 3096 nidore
736 3047 828 3097 ustum
837 3047 961 3116 recreat,
973 3054 1089 3097 menses

93 3118 177 3180 albos
201 3121 360 3199 praecipue
383 3119 516 3198 psyllium
531 3120 666 3181 drachma
688 3121 717 3180 in
738 3121 850 3196 cyathis
871 3121 961 3181 tribus
985 3138 1088 3199 aquae,

59 3202 195 3268 sesemen
208 3204 419 3281 mandragorae
434 3212 533 3282 potum
546 3204 662 3263 volvam
675 3213 788 3282 purgat.
812 3223 926 3264 menses
945 3207 1002 3264 ciet
1023 3221 1068 3262 su·
1080 3213 1131 3268 157

96 3305 148 3350 uus
172 3287 320 3366 adpositus
349 3294 378 3346 ct
406 3294 552 3347 emortuos
573 3296 683 3366 partus.
718 3289 803 3348 nimia
825 3305 924 3347 rursus
945 3285 1089 3364 produuia

95 3370 170 3429 sistit
186 3388 285 3431 semen
301 3372 441 3431 cumvivo
454 3370 582 3448 sulpure,
600 3378 700 3432 contra
713 3385 746 3430 ea
759 3371 816 3431 ciet
827 3369 1003 3430 batrachium
1019 3378 1088 3448 potu

94 3451 144 3512 vol
159 3453 236 3530 cibo,
255 3454 359 3514 ardens
375 3454 463 3533 alias,
482 3462 513 3513 ut
526 3452 662 3531 diximus,
685 3454 791 3530 cruda,
809 3453 865 3514 sed
878 3460 973 3512 cocta
984 3467 1149 3509 coo-suus
