2400 3840
344 192 424 241 unu.
441 192 532 240 ursa.
549 193 647 239 xxxr.
663 190 690 243 a.
706 192 732 244 9.
750 145 809 258 (dd.
825 181 886 258 45.)
1052 181 1115 242 279

95 344 302 406 'subfusiones
321 346 471 407 oculorum
488 363 551 405 cum
568 345 643 406 lacte
657 346 686 404 in
707 347 839 406 coticulis
855 349 972 423 teritur,
986 349 1117 425 privatim

119 428 371 505 suggillationibus
385 431 413 487 in
427 428 547 488 linteolo
565 427 711 487 involutus
726 428 888 507 crebroque
908 448 947 489 cx
966 447 1040 507 aqna
1060 429 1117 488 ier·

119 513 194 572 venti
211 512 366 590 inpositus,
382 511 528 571 ulceribus
544 513 603 570 oris
619 512 797 571 manantibus
812 514 840 571 in
858 512 978 574 linteolo
996 529 1115 571 concer-

119 603 182 673 pto,
197 595 376 673 gingivarum
387 595 490 654 tumori
503 594 651 655 infricatus
663 603 692 654 ct
704 604 804 655 contra
819 594 985 654 scabritiem
1001 595 1115 672 linguae

94 678 225 738 tiractus
235 681 479 757 comminatusque.
499 679 575 738 aiunt
583 679 675 757 dentis
687 695 743 738 non
756 679 837 739 erodi
849 696 905 738 nec
914 688 1095 758 putrescere,
1108 689 1155 740 101

117 762 142 821 si
158 761 221 837 quis
238 763 344 824 cotidie
355 780 438 823 mane
452 762 564 821 ieiunus
579 761 669 821 salem
684 764 830 822 contineat
846 762 898 821 snb
913 763 1008 839 lingua
1022 761 1116 821 donec

116 843 267 921 liquescat.
299 846 398 924 lepras
417 845 493 905 idem
515 854 544 904 et
566 844 734 904 furunculos
756 852 787 905 et
807 845 936 905 lichenas
965 854 993 904 et
1012 859 1115 923 psoras

116 925 248 989 emendat
265 946 327 987 cum
348 947 435 1008 passa
452 946 507 988 uva
523 936 657 1006 exempto
681 929 750 987 eius
763 929 842 1006 ligno
865 939 894 988 ct
913 929 985 988 sebo
1007 926 1115 987 bubulo

114 1019 200 1087 atque
221 1014 341 1088 origano
358 1028 392 1072 ac
404 1012 546 1071 iermento
559 1011 607 1070 vel
619 1028 708 1089 pane,
724 1030 855 1072 maxume
868 1012 1039 1073 Thebaicus.
1069 1009 1117 1069 bic

81 1101 145 1152 met
159 1092 195 1152 ad
212 1096 336 1172 pruritus
359 1095 493 1170 eligitur,
516 1093 638 1153 tonsillis
660 1103 689 1153 et
707 1097 770 1153 uvis
792 1114 855 1156 cum
877 1096 964 1156 melle
986 1092 1115 1173 prodest.

115 1177 286 1254 quicumque
300 1176 336 1235 ad
351 1178 483 1253 anginas,
500 1176 557 1235 boc
575 1176 695 1255 amplius
711 1195 774 1236 cum
786 1179 853 1238 oleo
870 1188 898 1238 et
914 1189 999 1239 aceto
1012 1177 1115 1237 eod'em

114 1266 246 1335 tempore
264 1266 346 1317 extra
361 1257 493 1318 faucibus
508 1259 604 1317 inlitus
622 1277 684 1318 cum
701 1261 766 1337 pice
784 1260 900 1338 liquida.
933 1261 1043 1320 emollit
1065 1267 1094 1318 et
1107 1269 1158 1322 102

114 1340 211 1400 alvom
238 1341 266 1399 in
287 1342 354 1400 vino
374 1344 464 1400 mixto
485 1343 602 1400 innoxie
624 1350 652 1400 et
674 1343 830 1402 taeniarum
851 1361 960 1420 genera
983 1343 1065 1421 pellit
1086 1345 1115 1401 in

114 1424 181 1483 vino
194 1431 288 1500 potus.
312 1433 409 1483 aestus
421 1423 597 1484 balinearum
609 1425 851 1485 convalescentes
866 1434 895 1484 ut
907 1426 1034 1485 tolerare
1048 1441 1114 1503 pos-

78 1507 170 1565 assint
193 1506 308 1582 linguae
331 1506 460 1566 subditus
482 1516 619 1586 praestat.
652 1525 805 1568 nervorum
825 1509 961 1584 dolores,
982 1525 1114 1566 maxume

115 1589 192 1648 circa
206 1606 323 1649 umeros
340 1591 479 1666 strenis,
496 1591 524 1649 in
543 1593 638 1650 saccis
654 1608 729 1668 aqua
746 1591 869 1651 ferventi
886 1591 992 1652 crebro
1010 1589 1114 1651 cande·

112 1672 206 1731 lactus
221 1672 315 1750 levat,
331 1674 426 1732 colum
441 1676 621 1751 torminaque
639 1682 669 1733 et
684 1691 820 1735 coxarum
844 1673 964 1735 dolores
979 1683 1063 1754 potus
1087 1680 1116 1731 et

112 1757 140 1814 in
154 1754 256 1816 iisdem
272 1758 367 1816 saccis
381 1759 523 1837 inpositus
545 1756 688 1832 candens,
711 1759 857 1837 podagras
880 1777 943 1818 cum
964 1759 1055 1818 farina
1077 1774 1115 1816 cx

111 1838 198 1899 melle
215 1849 244 1899 et
256 1839 323 1899 oleo
337 1840 433 1916 tritus,
449 1841 488 1900 ibi
500 1859 631 1901 maxume
643 1843 805 1921 usurpanda
817 1842 1025 1903 'observatione
1039 1857 1114 1918 quae

75 1923 181 1983 astatis
204 1923 376 2000 corporibus
392 1924 461 1983 nihil
477 1942 544 1983 esse
567 1924 665 1983 utilius
687 1926 751 1985 sale
767 1935 796 1984 et
818 1927 883 1985 sole
900 1925 980 1985 dixit.
1017 1925 1114 1999 itaque

112 2022 220 2065 cornea
233 2005 363 2064 videmus
380 2023 505 2084 corpora
520 2007 712 2084 piscatorum,
730 2007 782 2066 sed
801 2009 986 2086 praecipuum
1004 2005 1115 2065 dicatur

110 2088 140 2146 in
155 2088 304 2167 podagris.
327 2088 403 2149 tollit
417 2097 446 2148 et
463 2088 564 2150 clavos
580 2089 698 2167 pedum,
714 2091 781 2148 item
798 2092 965 2168 perniones.
997 2086 1093 2146 ambu-
1106 2098 1157 2151 103

110 2171 164 2230 stis
183 2171 301 2230 exoleo
316 2172 463 2249 inponitur
486 2181 534 2233 aut
555 2172 797 2234 conmanducatus
820 2173 995 2253 pusulasque
1021 2172 1114 2249 repri-

111 2254 177 2331 mit,
196 2252 310 2331 ignibus
329 2272 401 2314 vero
417 2257 508 2315 sacris
524 2256 729 2334 ulceribusque
745 2275 819 2334 quae
842 2264 960 2337 serpant
975 2273 1012 2314 ex
1027 2263 1112 2314 aceto

75 2362 101 2402 aa
112 2345 159 2397 aut
173 2336 303 2416 hysopo,
320 2340 520 2399 carcinomatis
535 2358 597 2399 cum
609 2358 664 2399 uva
676 2342 805 2416 taminia,
821 2339 1018 2418 phagedaenis
1033 2337 1112 2397 ulce-

110 2437 171 2479 rum
184 2428 277 2480 tostus
291 2438 355 2479 cum
369 2422 461 2482 farina
475 2423 576 2482 hordei
585 2465 598 2498 ,Α
611 2424 828 2501 superinposito
843 2423 963 2482 linteolo
979 2420 1113 2482 madente

109 2503 187 2561 vino.
221 2502 322 2562 morbo
337 2506 420 2579 regio
439 2504 613 2581 laborantis,
632 2504 728 2564 donec
743 2505 843 2564 sudant
859 2505 895 2564 ad
911 2507 1025 2581 ignem,
1045 2521 1112 2563 con-

109 2592 152 2643 tra
167 2585 291 2660 pruritus
309 2603 383 2662 quos
399 2589 524 2646 sentiunt
540 2604 577 2645 cx
599 2586 666 2647 oleo
693 2597 722 2646 et
741 2596 826 2646 aceto
853 2587 1002 2647 infricatus
1023 2589 1111 2660 iuvat,

109 2665 246 2742 fatigatos
262 2685 299 2726 ex
314 2667 392 2727 oleo.
422 2668 502 2728 multi
518 2678 546 2728 et
568 2669 747 2747 hydropicos
763 2669 824 2729 sale
842 2686 982 2729 curavere
995 2669 1091 2728 iervo·
1104 2677 1155 2730 104

73 2768 100 2810 ao
110 2766 217 2831 resque
229 2748 351 2809 febrium
366 2768 430 2810 cum
445 2751 512 2811 oleo
525 2769 689 2829 perunxere
704 2761 733 2811 et
753 2752 853 2812 tussim
873 2760 1004 2811 veterem
1024 2750 1113 2810 linctu

110 2835 173 2893 eius
195 2832 371 2898 discussere.
407 2834 580 2910 clysteribus
608 2834 740 2895 inludere
768 2834 943 2895 ischiadicis.
982 2833 1111 2894 ulcerum
1175 2839 1180 2846 ”

109 2916 348 2977 excrescentibus
371 2917 419 2978 vel
441 2918 673 2996 putrescentibus
695 2920 870 2998 inposuere,
896 2917 1110 2978 crocodilorum

108 2999 251 3077 morsibus
267 3019 305 3060 ex
319 3010 405 3062 aceto
421 3003 450 3061 in
464 3002 590 3063 linteolis
606 3004 644 3062 ita
661 3011 691 3062 ut
706 3001 892 3063 batnerentnr
907 3010 974 3061 ante
988 3000 1110 3060 vinculis

108 3082 217 3142 ulcera.
248 3083 354 3144 bibitur
370 3094 400 3145 et
416 3094 514 3146 contra
533 3086 629 3163 opium
650 3104 687 3146 ex
708 3095 792 3146 aceto
808 3086 917 3160 mulso,
942 3085 1046 3142 luxatis
1068 3083 1109 3140 in·

72 3166 224 3245 seponitur
247 3184 309 3226 cnm
331 3167 422 3228 farina
445 3176 473 3227 et
496 3169 599 3245 melle,
621 3172 688 3228 item
712 3166 989 3229 extuberationibns.
1021 3164 1151 3232 den-105

107 3249 175 3307 tium
192 3248 287 3309 dolori
310 3267 373 3309 cum
395 3258 479 3310 aceto
504 3251 582 3310 fotus
602 3260 631 3310 et
655 3252 750 3311 inlitus
772 3268 835 3310 cum
859 3250 955 3309 resina
978 3249 1108 3327 prodest.

107 3329 143 3390 ad
164 3333 256 3391 omnia
277 3341 369 3393 autem
393 3351 495 3412 spuma
514 3332 584 3393 salis
602 3334 751 3393 iucundior
772 3333 937 3410 utiliorque.
975 3331 1028 3392 sed
1049 3333 1107 3411 qni·

107 3429 229 3492 cumque
245 3415 288 3476 sal
303 3417 406 3496 acopis
428 3414 539 3477 additur
561 3416 597 3476 ad
615 3417 858 3493 excalfactiones,
880 3418 948 3475 item
965 3433 1107 3494 zmegma·
