2400 3840
159 190 221 251 too
507 198 816 247 ommam

157 358 297 418 linearum
316 356 535 436 vaporationem
556 364 587 412 et
604 362 710 433 postea
727 351 851 430 lrigih,
872 349 1089 410 almurus·
1108 350 1152 408 la·

156 441 324 518 tellegitur‚
344 442 415 499 item
429 456 620 518 praesumere
633 446 664 496 et
677 437 752 497 eiltis
767 445 798 495 et
817 436 1003 512 inape-ere
1016 431 1152 509 (fuldu

157 524 347 602 eiusdemque
363 532 436 602 potu
449 539 570 582 somnos
584 522 760 581 antecedere
774 530 820 595 et,
840 521 866 577 ι’
880 518 986 591 libeat,
1000 519 1151 575 iterra

159 626 243 687 pere.
278 607 434 666 noandum
458 607 566 666 nnllam
589 605 693 665 animal
717 603 795 664 aliud
819 601 931 662 ealidoa
954 609 1042 680 putas
1065 601 1150 678 sequi

117 692 289 770 asiamque
307 709 366 750 non
385 709 455 749 enee
474 689 623 749 naturalis.
651 705 733 748 mero
747 696 815 747 ante
827 703 946 744 mma
959 683 1079 744 eumue
1097 699 1172 744 oras

158 784 282 855 propter
297 773 418 847 halitus,
432 772 538 850 lrigida
553 773 698 832 matutinis
710 774 804 851 inpari
817 787 938 830 nuere
951 767 989 828 ad
1003 765 1151 826 carendus

157 859 285 919 dentium
298 855 428 931 dolores,
440 858 509 915 item
521 873 613 935 posca
626 857 731 916 oeulos
740 865 843 914 eontra
856 851 1054 931 lippitad'm
1069 858 1150 909 certa

157 943 359 1018 experimenta
373 949 454 1012 sunt,
474 942 505 999 5.
520 941 595 998 sient
610 943 698 999 totius
712 940 847 1019 corporis
859 935 1046 996 valitudine
1057 934 1150 993 iuvari

157 1025 299 1082 varietate
319 1024 413 1082 victus
439 1022 635 1082 inobservata.
667 1023 863 1102 Hippocrates
881 1018 967 1079 tradit
987 1035 1046 1078 aea
1063 1034 1150 1097 pm·

156 1105 283 1165 dentiam
298 1122 459 1166 senescere
472 1107 599 1166 celerias
613 1117 691 1168 exta.
719 1123 820 1166 rm
832 1105 862 1164 id
882 1101 1020 1163 medis
1032 1101 1149 1176 oeeinlt,
1157 1116 1181 1158 ιι

159 1205 218 1249 non
232 1189 345 1267 epulis,
362 1192 473 1271 qnippe
485 1191 577 1250 multo
591 1192 739 1251 utilissima
754 1200 800 1249 ert
818 1187 1006 1266 tenpemt'n
1024 1188 1054 1244 in
1066 1184 1150 1244 cibis.

156 1272 189 1333 l.
205 1271 342 1332 Lucullus
355 1272 432 1334 ltane
446 1275 485 1334 de
499 1293 533 1334 se
547 1275 761 1353 praefecturam
775 1290 865 1332 servo
878 1271 1016 1345 dederat,
1037 1268 1150 1328 aluno-

159 1374 217 1435 qae
232 1356 342 1434 probro
355 1376 457 1418 manus
470 1360 501 1418 in
522 1358 595 1417 cibis
608 1357 773 1436 triumphali
786 1357 850 1416 seni
867 1353 1048 1414 deiciebatur
1058 1351 1109 1412 rel
1120 1352 1150 1412 ἰ

158 1440 307 1583 θιρίιοΙίἷ
325 1443 470 1520 epulanti,
498 1441 631 1520 pudenda
654 1459 689 1502 re
711 1458 799 1501 servo
828 1456 883 1498 suo
904 1437 1018 1498 laeilias
1044 1451 1150 1516 parere

179 1541 243 1582 uam
262 1525 287 1582 si
308 1527 326 1583 ‘n
1156 1536 1180 1579 tt

114 1543 178 1672 ιτς
213 1607 243 1666 6.
267 1607 350 1684 (15.)
371 1609 573 1667 Sternumenta
587 1610 673 1686 pinna
687 1607 875 1684 gravedinem
888 1604 1056 1681 emendam,
1080 1603 1150 1664 etri

158 1690 224 1766 quis
237 1688 332 1746 mulae
346 1706 449 1764 nares,
464 1699 496 1748 ut
508 1691 638 1766 tradunt,
652 1692 755 1750 osculo
770 1692 906 1768 attingat,
927 1695 1150 1748 ammata

158 1778 189 1829 et
213 1771 377 1847 singultum.
411 1772 448 1831 ad
473 1772 531 1832 lroe
551 1775 647 1832 Varro
667 1775 769 1834 suadet
790 1775 914 1853 palma!
933 1771 1044 1832 alterna
1065 1787 1150 1830 nana

159 1854 310 1931 scalpere,
330 1854 464 1934 plerique
480 1856 593 1915 anulum
609 1875 626 1914 e
642 1858 758 1916 sinistra
771 1859 800 1916 in
817 1857 1014 1934 longissimum
1028 1854 1149 1914 dextne

159 1935 278 2014 digitum
299 1938 475 2014 transterre,
504 1942 534 1997 in
563 1957 666 2017 aquam
691 1940 853 2000 ferventem
877 1957 977 1999 manus
1003 1955 1181 2015 mergerent

160 2020 378 2099 Theophrastus
395 2041 483 2082 senes
498 2022 673 2083 laboriosius
688 2033 839 2083 sternuere
852 2023 931 2083 dicit.

115 2112 152 2168 ⁶8
215 2104 299 2183 (16.)
322 2107 467 2165 Venerem
482 2106 626 2166 damnavit
632 2107 816 2168 Democritus
827 2117 858 2166 ut
868 2108 896 2165 in
910 2123 965 2185 qua
975 2104 1063 2164 lnorno
1077 2103 1149 2163 alius

158 2186 291 2245 exsiliret
306 2205 344 2246 ex
363 2187 487 2265 homine,
505 2199 544 2263 et,
560 2189 714 2269 Hercules,
727 2192 829 2250 raritas
845 2192 906 2250 eins
921 2189 1028 2248 utilior.
1057 2186 1149 2247 athle-

158 2276 205 2326 tae
222 2276 318 2327 tamen
333 2278 484 2348 torpentes
498 2274 683 2333 restituuntur
693 2292 811 2353 venere,
825 2292 886 2335 vox
901 2281 1071 2347 revocatur,
1086 2287 1150 2330 cam

160 2350 312 2411 ecandida
326 2352 453 2413 declinat
472 2357 500 2413 in
517 2355 637 2416 luscam.
669 2358 801 2418 medetur
823 2367 854 2416 et
866 2356 1025 2417 lumborum
1040 2354 1183 2430 dolori,at

159 2434 308 2494 oculorum
322 2434 509 2515 hebetationi‚
524 2450 619 2500 mente
636 2445 731 2520 ceptis
746 2459 781 2500 ac
796 2440 1023 2500 melancholicis.

115 2527 151 2584 59
214 2518 299 2598 (ιι.)
319 2519 463 2581 Adsidere
476 2525 621 2601 gravidis,
641 2525 690 2584 vel
711 2542 775 2584 eum
788 2525 916 2584 remedia
929 2523 1015 2584 alicui
1032 2521 1151 2581 adlrilte·

158 2612 250 2676 untur,
268 2602 365 2680 digitis
381 2607 546 2682 pectinatim
560 2609 635 2668 inter
651 2626 683 2666 se
698 2608 824 2686 inplexis
840 2607 1009 2666 veneficium
1024 2613 1087 2681 est,
1109 2603 1152 2664 id·

159 2702 216 2763 qne
236 2696 404 2764 conpertum
425 2689 540 2750 tradunt
558 2689 698 2751 Alemone
711 2691 867 2751 llerenlem
884 2691 1023 2770 pariente.
1054 2690 1152 2766 peius,

159 2766 184 2825 si
200 2767 278 2826 circe
293 2787 377 2828 unum
393 2771 516 2832 ambove
540 2791 649 2850 genna,
670 2775 738 2833 item
759 2775 888 2854 poplites
908 2773 1009 2834 alteris
1025 2772 1185 2850 gemina·

159 2849 268 2925 inponi.
298 2849 365 2910 ideo
380 2851 454 2911 haec
467 2855 497 2913 in
513 2856 643 2916 consiliis
656 2856 759 2917 ducum
774 2859 998 2937 potestatiumve
1020 2857 1085 2916 lieri
1100 2873 1152 2916 ve

159 2938 243 2989 tuere
257 2932 381 2992 maiores
395 2934 477 2994 velut
493 2954 606 2997 omnem
620 2948 715 2998 actum
731 2942 923 3021 impedientia,
938 2948 1063 2999 vetuere
1076 2956 1152 2999 vero

116 3022 152 3077 60
162 3021 192 3072 et
206 3014 297 3073 sacris
313 3017 427 3075 votisve
442 3019 525 3080 simili
541 3022 628 3081 modo
645 3024 805 3101 interesse,
821 3027 916 3104 capita
933 3032 1030 3084 autem
1042 3023 1153 3102 aperiri

159 3096 301 3176 adspectu
315 3099 528 3175 magistratuum
542 3122 600 3164 uon
614 3110 808 3169 venerationis
824 3126 913 3168 causa
930 3110 1061 3185 iussere,
1084 3104 1151 3180 sed,

159 3188 189 3240 nt
205 3181 299 3240 Varro
314 3191 485 3261 auctorest,
500 3188 679 3265 valitudinis,
702 3194 835 3271 quonium
852 3193 978 3252 firmiora
994 3198 1150 3250 consuetu·
1160 3203 1186 3249 ιι

159 3263 225 3324 diue
241 3283 275 3327 ea
287 3266 399 3327 llerent.
437 3267 507 3328 (lum
521 3272 588 3349 quid
600 3274 687 3333 oculo
701 3276 849 3353 inciderit,
871 3276 992 3336 ulturum
1007 3273 1153 3353 conprimi

159 3347 298 3426 prodest,
321 3367 386 3410 eum
408 3369 482 3430 aqua
498 3353 617 3416 dextrae
632 3359 794 3434 auriculae,
821 3361 937 3420 sinistro
952 3358 1029 3439 pede
1052 3356 1152 3418 exsul·

158 3433 211 3491 tari
233 3436 328 3512 capite
345 3436 375 3493 in
395 3434 525 3496 dextrum
546 3457 673 3500 umerum
692 3441 824 3520 devexo,
850 3443 975 3503 invicem
1000 3442 1153 3502 ediversa
