2400 3840
303 191 384 238 uun.
400 190 491 238 rursu.
508 191 631 241 xxvtu.
650 188 692 243 17.
708 189 751 242 18.
773 183 920 250 (tu-to.)
1046 180 1104 240 201

113 345 199 402 mixta
218 343 344 419 rubrica,
361 362 436 421 quae
452 361 523 403 vero
541 351 662 421 serpunt
679 343 719 402 iel
735 362 873 421 aprunum
889 365 952 406 cum
967 348 1062 405 resina
1078 355 1108 405 et

114 444 242 503 cerussa,
258 427 437 487 maxillarum
453 429 514 505 apri
537 427 586 486 vel
602 445 683 486 suum
694 428 776 502 cinis,
793 430 887 488 fimum
901 448 982 489 suum
998 428 1107 488 inlitum

115 511 233 586 siccum,
246 512 314 569 item
330 512 477 588 caprinum
494 529 532 569 ex
547 519 633 569 aceto
648 508 903 572 subfervefactum.
928 521 1025 573 cetera
1041 530 1106 590 pur-

113 601 217 669 gantur
233 603 262 653 et
275 594 439 672 >explentur
459 592 580 668 butyro,
603 610 708 652 cornus
731 596 841 654 cervini
863 598 960 655 cinere
982 595 1030 654 vel
1047 613 1106 654 me-

90 676 191 738 edulla
208 678 305 750 cervi,
323 675 394 735 lelle
409 678 521 736 taurino
538 694 602 736 cum
616 678 736 755 cyprino
753 679 820 737 oleo
833 689 886 738 aut
900 682 983 739 irino.
1013 679 1108 737 limum

112 778 217 818 recens
236 778 316 819 suum
337 759 386 819 vcl
409 761 558 820 inveterati
581 760 671 819 farina
695 761 819 820 inlinitur
839 761 1006 823 volneribus
1027 762 1105 820 ierro

112 843 206 903 iactis.
237 842 434 922 phagedaenis
455 853 484 903 et
505 843 607 903 fistulis
622 843 769 904 inmittitur
792 845 833 905 iel
855 848 927 906 tauri
952 863 1014 904 cum
1035 862 1106 904 suco

113 926 193 1004 porri
209 935 256 986 aut
271 927 347 986 lacte
361 927 513 987 mulierum
534 926 581 986 vel
597 929 715 1002 sangnis
736 929 832 989 aridus
851 948 913 990 cum
932 928 1106 1002 cotyledone
1134 967 1137 974 .

112 1007 212 1068 herba.
249 1011 440 1071 carcinomata
463 1019 544 1070 curat
560 1010 712 1086 coagulum
730 1011 841 1090 leporis
862 1031 924 1073 cum
938 1013 1001 1090 pari
1017 1029 1085 1091 pon·
1097 1021 1149 1074 242

76 1091 183 1151 rodere
199 1095 332 1171 capparis
348 1094 519 1171 adspersum
529 1094 608 1168 vino,
624 1111 806 1170 gangraenas
818 1098 942 1156 ursinum
956 1096 1003 1156 vel
1021 1097 1107 1173 pinna

111 1175 230 1251 inlitum,
246 1178 318 1236 asini
333 1176 502 1253 ungularum
518 1177 639 1234 cinisca
655 1193 729 1252 quae
746 1187 865 1255 serpunt
880 1179 979 1238 ulcera
994 1181 1106 1257 insper-

112 1277 170 1317 sus.
202 1261 321 1335 sanguis
341 1260 408 1336 equi
422 1258 536 1318 adrodit
550 1259 643 1317 carnis
660 1261 832 1336 septicam,
854 1263 922 1320 item
938 1263 994 1321 limi
1011 1262 1107 1338 equini

110 1343 262 1400 inveterati
280 1341 396 1419 favilla,
415 1360 449 1401 ea
465 1358 538 1400 vero
556 1359 631 1418 quae
645 1341 850 1424 phagedaenas
864 1353 970 1402 vocant
984 1345 1012 1401 in
1027 1345 1106 1403 ulce-

111 1441 173 1482 rum
188 1442 299 1499 genere
316 1425 378 1481 cori
400 1423 500 1483 bubuli
515 1425 586 1482 cinis
605 1442 668 1482 cum
691 1424 788 1483 melle.
820 1442 888 1484 caro
906 1426 988 1485 vituli
1004 1444 1106 1485 recen·

74 1527 101 1566 15
111 1508 149 1566 tia
176 1507 296 1568 volnera
321 1524 379 1565 non
405 1509 510 1585 patitur
528 1508 738 1582 intumescere,
767 1509 862 1566 limum
882 1507 1019 1588 bubulum
1044 1526 1107 1567 cum

110 1589 207 1648 melle.
227 1589 361 1649 feminum
376 1590 458 1650 vituli
473 1590 545 1648 cinis
559 1589 677 1650 sordida
694 1591 793 1651 ulcera
810 1599 839 1650 et
854 1610 928 1668 quae
946 1591 1087 1651 cacoetbe
1097 1601 1150 1656 243

112 1681 219 1732 vocant
241 1690 257 1731 e
280 1673 357 1733 lacte
371 1673 500 1733 mulieris
518 1682 615 1749 sanat,
636 1677 764 1734 recentis
784 1675 886 1753 plagas
903 1675 982 1736 ferro
1003 1675 1107 1734 inlatas

111 1757 249 1832 glutinum
271 1758 410 1816 taurinum
432 1757 632 1834 liquefactum,
660 1759 746 1817 tertio
769 1757 970 1818 dissolutum.
1002 1776 1107 1818 caseus

112 1842 246 1917 caprinus
260 1841 358 1900 siccus
372 1859 410 1900 ex
429 1849 513 1900 aceto
529 1857 564 1900 ac
581 1841 667 1901 melle
683 1850 786 1920 purgat
801 1842 916 1916 ulcera,
938 1860 1013 1920 quae
1034 1860 1106 1901 vero

73 1939 100 1977 ao
111 1933 229 2002 serpant
244 1923 360 2004 cohibet
377 1924 477 1984 sebum
494 1941 557 1982 cum
573 1943 652 1999 cera,
667 1926 743 1984 idem
756 1925 850 1985 addita
862 1927 929 2002 pice
941 1944 976 1984 ac
988 1925 1107 2003 sulpure

111 2017 256 2085 percurat.
288 2007 419 2068 similiter
436 2009 552 2085 proficit
568 2007 603 2065 ad
619 2007 761 2066 cacoetbe
781 2006 867 2066 haedi
884 2008 1020 2066 feminum
1035 2009 1107 2066 cinis

111 2108 127 2148 e
150 2090 376 2150 lacte'mulieris
401 2090 488 2149 etad
510 2088 702 2149 carbunculos
724 2091 784 2148 suis
805 2089 928 2150 feminae
954 2088 1107 2148 cerebrum

109 2181 214 2231 tostum
230 2173 350 2232 inlitum.

175 2255 258 2333 (75.)
279 2254 413 2315 Scabiem
428 2255 549 2316 bominis
568 2257 697 2317 asininae
708 2256 851 2316 medullae
868 2273 1000 2316 maxume
1016 2255 1085 2316 abo·
1098 2266 1151 2320 244

73 2359 99 2397 25
111 2338 172 2397 lent
190 2346 219 2396 et
232 2340 330 2398 urinae
346 2339 475 2399 eiusdem
491 2357 555 2398 cum
570 2357 622 2398 suo
647 2340 708 2399 luto
733 2340 846 2415 inlitae,
868 2339 999 2413 butyrum
1022 2341 1106 2399 etiam

110 2421 187 2499 quod
202 2422 231 2480 in
247 2422 380 2482 iumentis
395 2423 511 2499 prolicit
536 2439 599 2480 cum
618 2423 713 2481 resina
730 2423 838 2497 calida,
868 2421 1006 2497 glutinum
1021 2424 1106 2482 tauri·
1185 2484 1188 2489 ,

109 2523 175 2563 num
196 2506 224 2563 in
245 2514 330 2563 aceto
357 2504 542 2581 liquefactum
565 2503 660 2564 addita
681 2505 781 2578 calce,
810 2505 852 2562 fel
874 2506 1021 2581 caprinum
1042 2523 1106 2564 cum

109 2588 241 2647 aluminis
257 2588 366 2661 cinere,
382 2585 474 2645 bovas
490 2586 584 2645 fimum
605 2584 757 2662 bubulum,
781 2586 857 2646 unde
880 2594 909 2644 et
926 2603 1031 2645 nomen
1049 2595 1105 2647 tra·

109 2687 191 2728 xere.
227 2687 328 2729 canum
349 2666 463 2728 scabies
486 2676 602 2741 sanatur
621 2666 728 2747 bubulo
754 2669 892 2745 sanguine
915 2671 1026 2728 recenti
1052 2671 1105 2728 ite-

74 2773 99 2813 ³0
111 2771 246 2829 rumque,
269 2770 332 2812 cum
354 2753 512 2826 inarescat,
534 2751 615 2810 inlito
638 2760 667 2810 et
687 2760 808 2829 postero
825 2751 872 2811 die
892 2752 989 2812 abluto
1007 2754 1105 2814 cinere

110 2837 219 2895 lixivio.

173 2920 255 2998 (76.)
278 2919 388 2998 Spinae'
402 2927 431 2979 et
446 2917 547 2978 similia
563 2919 680 2995 corpori
696 2918 881 2978 extrahuntur
897 2918 963 2978 ielis
981 2938 1083 2979 excre-
1095 2929 1148 2984 als

108 3004 223 3077 mentis,
239 3004 307 3062 item
324 3020 429 3081 caprae
446 3002 582 3077 arvino,
606 3001 732 3078 coagulo
751 3019 950 3081 quocumque,
978 3003 1032 3063 sed
1046 3021 1103 3063 ma·

110 3104 194 3146 xume
215 3086 343 3164 leporis,
366 3104 429 3145 cum
446 3087 516 3144 turis
532 3084 643 3163 polline
664 3094 693 3144 et
712 3086 778 3145 oleo
795 3095 843 3146 aut
863 3104 926 3146 cum
942 3088 1015 3146 visci
1041 3086 1104 3163 pari

75 3188 100 3227 aa
112 3169 241 3247 pondere
257 3177 304 3229 aut
320 3186 383 3227 cum
401 3168 527 3248 propoli.
563 3167 721 3228 Cicatrices
736 3171 833 3246 nigras
848 3169 948 3229 sebum
963 3170 1103 3229 asininum

109 3252 223 3312 reducit
238 3251 273 3311 ad
297 3252 442 3326 colorem,
464 3251 505 3309 iel
522 3252 603 3310 vituli
630 3261 765 3312 extenuat
788 3253 969 3313 calefactum.
998 3251 1103 3310 medici

110 3335 235 3395 adiciunt
249 3353 371 3394 murram
390 3334 488 3393 etmel
505 3342 533 3391 et
551 3351 667 3394 crocum
682 3354 826 3412 aereaque
842 3335 949 3414 pyxide
966 3335 1101 3395 condunt.

109 3419 197 3495 aliqui
213 3428 242 3477 et
254 3418 354 3478 florem
371 3419 447 3478 aeris
462 3417 631 3477 admiscent.
