2400 3840
343 206 423 255 unu.
438 205 529 256 ursr.
546 205 629 255 xxv.
646 200 672 253 n.
688 193 841 272 (ro-22.)
1044 196 1084 256 77

89 359 225 423 dentibus
242 359 285 420 dis
306 360 404 420 lacere
422 358 618 436 observatque
639 358 752 437 aquilae
774 358 898 436 volatus,
921 360 986 420 lere
1008 363 1084 421 enirn

90 444 257 505 secantibus
277 446 401 503 interest
426 449 467 519 et,
489 444 514 502 si
537 460 632 520 prope
652 441 816 518 advolavit,
839 444 1008 503 moriturum
1030 444 1082 504 illo

91 544 165 588 anuo
180 529 228 604 qui
244 526 371 586 succidat
388 527 538 602 augurium
554 533 608 586 est.
640 544 695 586 neo
713 525 808 586 album
822 525 908 586 lacile
924 526 1083 604 colligitur,

90 619 177 688 caput
194 610 365 687 adgravans,
381 625 510 668 maxume
528 610 584 668 nisi
599 618 799 686 praesumatur
813 608 897 667 aliurn
915 617 945 668 et
960 609 1081 670 subinde

66 696 188 760 evinum
206 693 360 752 sorbeatur
376 691 573 770 celeriterque
589 692 723 753 lodiatur.
744 694 857 768 nigrum
870 692 918 752 alii
935 711 1077 768 encymon
1090 706 1124 758 51

90 784 208 853 vocant,
223 775 271 835 alii
287 774 486 853 polyrrhizon,
501 781 605 854 purgat
620 792 675 854 per
690 776 812 851 inferna,
828 774 976 836 candidum
987 785 1083 840 autem

89 861 262 935 vomitione,
274 876 434 937 causasque
449 859 615 918 morborum
631 858 766 935 extrahit,
780 859 922 936 quondam
936 860 1081 938 terribile,

90 949 196 1022 postea
212 950 269 1003 tam
283 939 476 1021 promiscuum
491 950 523 1001 ut
538 942 671 1020 plerique
688 942 848 1003 studiorum
859 945 953 1020 gratia
965 943 1001 1003 ad
1014 961 1081 1022 per·

90 1026 215 1087 videnda
243 1029 336 1086 acrius
360 1043 433 1103 quae
464 1025 727 1086 commentabantur
756 1027 873 1103 saepius
895 1029 1081 1105 sumptitave·

57 1131 83 1172 ao
92 1113 157 1170 rint.
182 1107 352 1169 Carneaden
363 1126 570 1186 responsurum
581 1107 708 1168 Zenonis
719 1109 803 1168 libris
814 1107 861 1184 *³¹3
871 1103 995 1169 Drusum
1008 1126 1078 1187 quo·
1089 1120 1123 1174 52

92 1210 149 1270 que
164 1193 240 1270 apud
256 1210 322 1269 uos,
341 1191 522 1252 tribunorum
538 1193 718 1270 popularium
735 1191 933 1269 clarissimum,
954 1195 1001 1253 eui
1014 1201 1083 1255 autc

92 1277 183 1337 omnis
203 1274 289 1355 plebs
311 1275 426 1336 adstans
444 1275 569 1353 plausit,
593 1277 747 1353 optimates
768 1292 841 1334 vero
858 1275 965 1335 bellum
979 1275 1081 1336 llarsi·

90 1377 154 1419 cum
166 1361 348 1439 inputavere,
363 1367 477 1418 constat
490 1358 546 1418 hoc
557 1357 764 1418 medicamento
777 1357 930 1418 liberatum
942 1359 1080 1419 comitiali

89 1443 193 1502 morbo
215 1444 245 1502 in
259 1443 397 1519 Anticyra
418 1439 518 1501 insula.
553 1441 593 1500 ibi
610 1444 685 1501 euim
701 1443 843 1502 tutissime
858 1443 988 1518 sumitur,
1010 1459 1080 1521 quo-

56 1527 177 1602 rsumn,
198 1533 229 1585 ut
251 1525 382 1602 diximus,
399 1524 577 1585 sesamoides
599 1524 764 1585 admiscent.
794 1524 877 1585 ltalia
890 1533 1037 1585 veratrum
1048 1545 1079 1587 aa,
1089 1545 1123 1580 n·

90 1618 184 1669 vocat.
221 1609 313 1669 larina
335 1625 434 1668 eorum
455 1626 558 1686 perse
575 1616 605 1668 et
622 1610 711 1669 mixta
724 1608 868 1669 radiculae
885 1625 939 1686 qua
959 1608 1038 1669 lanas
1053 1629 1115 1672 aaa

90 1692 213 1752 diximus
228 1692 317 1752 lavari
332 1694 559 1752 sternumentum
572 1692 651 1770 iacit,
664 1691 806 1770 amboque
817 1710 954 1752 somnum.
976 1692 1076 1770 legun·
1089 1703 1124 1758 53

90 1785 137 1836 tur
150 1784 245 1836 autem
260 1777 445 1835 tenuissimae
461 1774 574 1836 radices
590 1776 755 1854 brevesque
772 1794 806 1837 ac
820 1776 900 1837 velut
913 1775 1080 1838 decurtatae

91 1867 122 1918 et
136 1860 218 1920 imae.
240 1877 303 1918 nam
321 1876 437 1935 summa,
453 1868 586 1936 quaeest
604 1861 793 1936 crassissima,
809 1861 891 1937 cepis
906 1859 1019 1936 similis,
1035 1877 1081 1920 ca·

54 1943 176 2003 mnibus
198 1951 305 2002 tantum
324 1941 406 2002 datur
427 1943 608 2020 purgationis
624 1960 717 2003 causa.
748 1944 856 2021 antiqui
874 1942 1000 2002 radicem
1015 1961 1080 2002 cor-

90 2029 149 2086 tice
170 2043 252 2102 quam
273 2026 478 2085 carnosissimo
497 2025 677 2102 seligebant,
702 2025 779 2103 quod
799 2027 914 2086 tenuior
936 2027 1079 2086 eximere·

90 2118 137 2168 tur
159 2107 294 2185 medulla,
307 2140 352 2156 -
374 2108 447 2168 hanc
465 2108 566 2168 umidis
592 2111 732 2186 spongeis
758 2117 889 2185 opertam
909 2115 1080 2185 turgescen-

91 2202 207 2269 temque
228 2208 281 2251 acu
302 2194 331 2250 in
353 2191 563 2269 longitudinem
583 2191 745 2268 findebant,
770 2192 838 2252 dein
859 2191 906 2253 iila
929 2193 1079 2253 inumbra

90 2276 238 2336 siccabant
252 2274 297 2334 bis
312 2283 428 2336 utentes
440 2307 493 2352 --,
504 2293 578 2335 nuuc
594 2275 718 2335 mmulos
734 2277 816 2353 ipsos
832 2275 868 2336 ab
884 2274 981 2336 radice
996 2293 1080 2355 quam

54 2360 254 2436 asgravissimi
271 2360 389 2419 corticis
405 2357 550 2419 radiantis.
587 2368 731 2437 optumum
747 2358 824 2435 quod
840 2377 907 2419 acre
921 2367 1008 2436 gustu
1022 2360 1080 2420 ler-

89 2459 221 2519 vensquc
247 2443 278 2500 iu
300 2441 461 2518 frangendo
483 2441 634 2519 pulverem
652 2444 765 2502 emittit.
797 2442 899 2502 durare
922 2444 979 2500 vim
996 2441 1080 2502 XXX

89 2527 171 2585 annis
191 2525 295 2584 lerunt.

153 2607 234 2687 (22.)
251 2607 372 2684 Nigrum
388 2607 520 2668 medetur
535 2607 713 2684 paralyticis,
730 2607 950 2684 insanientibus,
971 2607 1076 2684 hydro·
1087 2619 1123 2674 nt

90 2693 175 2769 picis,
190 2691 255 2750 dum
269 2693 341 2751 citra
357 2689 473 2766 lehrim,
489 2689 626 2769 podagris
641 2690 803 2767 veteribus,
817 2690 989 2751 articulariis
1004 2710 1080 2753 mor·

53 2774 252 2851 subintrabit
275 2792 313 2835 ex
336 2773 402 2834 alvo
425 2774 524 2851 bilem,
541 2776 672 2852 pituitas,
694 2791 790 2852 aquas.
821 2775 904 2835 datur
921 2775 956 2835 ad
973 2775 1080 2837 leniter

89 2857 273 2920 molliendam
289 2859 383 2918 alvom
398 2857 557 2936 plurumum
572 2857 704 2918 drachma
725 2876 789 2934 una,
810 2853 923 2920 modice
945 2868 1080 2938 quattuor

91 2940 196 3001 obolis.
225 2944 369 3003 miscuere
391 2941 479 3020 aliqui
501 2951 532 3003 et
554 2943 771 3019 scamonium,
795 2943 848 3003 scd
870 2945 956 3003 tutius
980 2944 1078 3005 salem.

89 3025 119 3083 in
133 3024 264 3085 dulcibus
279 3027 373 3086 datum
391 3026 540 3104 copiosius
555 3025 715 3105 periculum
727 3027 833 3104 infert,
850 3027 998 3087 oculorum
1013 3029 1080 3088 cali·

89 3109 188 3184 ginem
204 3109 267 3168 lotu
281 3109 406 3169 discutit.
437 3110 475 3169 ob
497 3109 527 3169 id
552 3109 664 3188 quidam
684 3118 715 3169 et
731 3111 872 3171 inunxere
891 3113 968 3171 trito.
1002 3119 1121 3174 stru-55

52 3208 161 3267 aumas,
183 3201 350 3269 suppurata,
371 3192 491 3253 duritias
512 3195 669 3271 concoquit
689 3201 719 3252 et
737 3202 856 3272 purgat,
879 3196 948 3254 item
969 3191 1079 3252 listulas

90 3277 180 3334 tertio
204 3275 251 3334 die
275 3283 447 3352 exemptum.
481 3293 618 3335 verrucas
637 3276 713 3336 tollit
731 3295 795 3337 cum
819 3295 934 3354 squama
954 3277 1030 3336 ueris
1050 3283 1081 3335 et

89 3357 253 3418 sandaraca.
283 3358 507 3436 hydropicorum
527 3359 622 3418 ventri
646 3361 794 3437 inponitur
817 3378 881 3420 curn
902 3360 993 3419 farina
1012 3357 1079 3418 bor·

88 3440 198 3502 deacea
214 3450 245 3501 et
260 3445 337 3502 vino.
371 3458 511 3519 pecorum
525 3450 556 3502 et
571 3444 763 3503 iumentorum
776 3444 894 3521 pituitas
915 3450 996 3502 sanat
1017 3461 1079 3502 sur·
