2400 3840
133 201 193 263 126
467 210 497 259 c.
514 212 609 259 enno
626 208 781 262 secunus

130 377 308 448 apostemata
325 375 353 426 et
368 367 469 426 ulcera
484 372 575 428 taetra
589 366 661 427 lolia
680 356 889 441 mandragorae
909 361 1056 437 recentia,
1076 378 1122 421 ra·

129 454 177 513 dix
192 453 312 512 volnera
332 468 396 510 cum
415 448 502 508 melle
524 458 572 508 ant
591 449 675 526 oleo,
698 449 791 508 cicuta
815 465 878 506 cum
897 444 1014 521 siligine
1032 443 1122 504 mixta

130 553 227 612 mero,
250 537 361 595 aizoum
387 533 525 611 herpetas
547 540 713 611 quoquest
734 548 836 591 nomas
855 549 890 591 ac
910 528 1121 608 putrescentia,

130 622 204 680 sicot
221 621 357 696 erigeron
373 617 554 692 verminosa,
578 617 708 676 recentia
729 623 824 675 autern
844 613 966 677 volnere
982 609 1122 687 astragali

129 703 212 764 radix
237 711 267 762 et
293 709 395 760 vetere
421 698 521 758 ulcera
546 717 620 777 quae
648 707 753 776 purgat
780 695 962 775 hypocisthis
988 703 1148 773 utraques

129 784 298 864 leontopodi
320 800 420 842 semen
433 784 529 840 tritum
543 784 571 841 in
586 799 659 860 aqna
678 791 707 842 et
723 799 786 841 cam
801 780 920 859 polenta
937 778 1048 839 inlitum
1062 778 1122 856 spi-

88 881 137 936 146
150 869 214 929 cula
227 869 394 944 sagittarum
405 865 538 940 extrahit,
552 868 621 926 item
632 867 805 944 pycnocomi
817 882 926 925 semen.
944 860 1123 937 'l'ithymalus

130 953 290 1013 characites
306 965 378 1008 suco
389 966 581 1025 gangraenas,
598 949 814 1027 phagedaenas,
827 949 921 1026 putria
936 947 985 1006 rel
995 946 1122 1007 decocto

127 1050 271 1095 ramorum
285 1049 350 1090 cum
366 1032 483 1110 polenta
498 1040 527 1091 et
544 1032 624 1108 oleo,
641 1032 739 1093 orchis
749 1032 866 1093 radices
882 1030 939 1091 boc
954 1028 1076 1109 amplius
1093 1035 1124 1087 et

129 1116 271 1178 cacoethe
286 1133 349 1175 cum
366 1114 452 1175 melle
468 1117 565 1176 siccae
582 1125 612 1175 et
625 1124 761 1175 recentes
776 1133 830 1194 per
847 1133 879 1174 se
895 1113 1032 1188 volnera,
1051 1127 1158 1175 one-ro

128 1201 211 1260 thera
227 1199 377 1259 efferantia
393 1217 461 1258 sese
479 1199 576 1260 ulcera
593 1210 683 1259 sanat.
708 1199 835 1273 Scythae
848 1197 970 1258 volnera
984 1194 1123 1271 Scythica

93 1322 96 1330 ·
130 1292 238 1345 curant.
279 1283 314 1342 ad
337 1283 529 1343 carcinomata
555 1284 722 1360 argemonia
748 1302 787 1342 ex
806 1281 893 1341 melle
918 1279 1123 1341 efficacissima

87 1379 136 1433 147
149 1378 203 1428 est.
231 1366 378 1428 ulceribus
397 1368 577 1444 praesanatis
593 1367 745 1446 asphodeli
760 1366 843 1426 radix
858 1365 982 1424 decocta
995 1372 1026 1423 ut
1047 1361 1122 1421 dixi-

94 1452 124 1493 ²²=
135 1452 159 1486 ⁷⁰
170 1470 242 1529 mus,
257 1453 323 1512 trita
339 1468 402 1510 cam
416 1449 535 1528 polenta
549 1459 579 1509 et
593 1451 682 1525 inlita,
703 1450 929 1528 quibuscumque
943 1464 1016 1507 vero
1027 1444 1122 1523 Apol·

128 1536 241 1611 linaria,
270 1534 405 1610 astragali
421 1533 504 1592 radix
529 1535 558 1592 in
581 1534 729 1613 pulverem
753 1535 818 1593 trita
844 1531 946 1593 umidis
972 1528 1122 1592 ulceribus
1132 1547 1159 1590 rs

46 1645 51 1651 ·
130 1618 268 1697 prodest,
295 1620 362 1676 item
378 1615 522 1675 callithrix
539 1616 662 1677 decocta
683 1619 711 1676 in
726 1635 817 1696 aqua,
840 1616 972 1695 privatim
991 1629 1063 1673 vere
1084 1613 1123 1672 iis

129 1718 203 1779 qnae
220 1699 408 1759 calciamento
423 1698 500 1758 iacta
522 1701 578 1759 sint
592 1699 776 1773 verbenaca,
794 1717 923 1761 necnon
945 1708 975 1759 et
995 1697 1122 1772 Lysima-

121 1784 196 1844 chia
213 1785 334 1842 contrita
354 1799 389 1841 ac
407 1781 568 1859 nymphaea
584 1784 663 1843 arida
679 1783 805 1843 infriata.
842 1783 991 1861 polythrix
1008 1781 1124 1839 invete-

134 1868 204 1927 ratis
221 1865 321 1926 iisdem
336 1866 434 1924 utilior
449 1874 503 1924 est.

87 1962 139 2016 148
183 1949 282 2029 ’(88.)
305 1950 501 2024 Polycnemon
518 1949 631 2012 cunilae
654 1948 778 2009 bubulae
800 1950 901 2010 similis
923 1957 986 2023 est,
1012 1946 1159 2014 seminem

129 2034 216 2113 pulei,
231 2034 392 2110 surculosa,
407 2032 502 2093 moltis
520 2033 678 2111 geniculis,
696 2031 836 2108 corymbo
852 2033 991 2108 odorato,
1018 2029 1077 2088 acri
1093 2038 1125 2088 et

128 2119 205 2178 dulci
222 2117 324 2192 odore,
340 2118 420 2177 ferro
437 2117 523 2176 iactis
538 2115 763 2177 conmanducata
781 2117 942 2195 inponitur,
960 2115 1060 2193 quinto
1076 2111 1124 2172 die

129 2201 260 2260 solvitur.
295 2199 474 2277 symphyton
490 2200 526 2258 ad
543 2199 709 2258 cicatricem
725 2198 879 2259 celerrime
895 2198 1037 2277 perducit,
1054 2196 1124 2254 item

87 2294 137 2348 149
149 2282 284 2342 sideritis.
316 2281 390 2341 haec
406 2283 550 2358 inponitur
567 2299 604 2340 ex
618 2281 714 2341 melle.
740 2281 884 2344 Verbasci
899 2284 1009 2341 semine
1026 2297 1062 2340 ac
1077 2279 1122 2339 lo·

128 2366 175 2425 liis
194 2383 231 2424 ex
248 2366 316 2424 vino
333 2364 465 2423 decoctis
482 2381 517 2423 ac
534 2365 606 2423 tritis
621 2366 715 2424 omnia
730 2366 817 2426 inlixa
833 2367 952 2444 corpori
967 2361 1120 2423 extraban-
1131 2389 1159 2430 π

127 2457 187 2526 tur,
210 2449 278 2507 item
289 2446 507 2524 'mandragorae
522 2447 601 2507 loliis
617 2466 680 2507 cum
695 2448 830 2528 polenta,
853 2448 1004 2525 cyclamini
1018 2446 1121 2506 radici·

127 2532 180 2592 bus
202 2551 266 2592 curn
285 2530 383 2591 melle.
415 2528 576 2606 Trixaginis
602 2530 674 2592 lolia
704 2532 733 2591 in
762 2531 830 2593 oleo
858 2533 980 2592 contrita
1008 2530 1043 2589 iis
1063 2546 1122 2588 ma·

127 2635 212 2676 xume
226 2615 396 2678 adhibentur
413 2613 559 2673 ulceribus
580 2632 654 2692 quae
679 2625 815 2694 serpunt,
842 2625 870 2676 et
892 2615 960 2691 alga
981 2614 1010 2672 in
1034 2611 1123 2671 melle

127 2700 208 2777 trita,
234 2699 391 2761 Vettonica
411 2697 447 2756 ad
468 2696 660 2758 carcinomata
687 2707 717 2758 et
735 2698 908 2759 malandrias
931 2705 1050 2757 veteres
1072 2694 1122 2754 ad·

128 2780 187 2841 dito
203 2782 276 2842 sale.
335 2798 338 2806 ·
1132 2807 1161 2849 ω

86 2876 137 2928 150
194 2862 277 2943 (89.)
299 2866 446 2925 Verrucas
467 2862 542 2922 tollit
566 2867 731 2940 argemonia
756 2883 794 2924 ex
817 2873 902 2925 aceto
923 2865 972 2924 vel
992 2862 1124 2924 batrachi

128 2947 217 3025 radix,
235 2965 309 3025 quae
326 2957 356 3007 et
369 2948 472 3025 unguis
492 2945 613 3006 scabros
636 2948 744 3025 aufert,
768 2947 950 3008 linozostidis
973 2948 1123 3025 utriusque

128 3030 198 3090 lolia
213 3029 262 3089 vel
286 3048 372 3090 sucus
387 3032 493 3091 inlitus.
532 3029 672 3105 tithymali
692 3048 792 3092 omnes
812 3048 922 3110 genera
937 3047 1124 3090 verrucarum

128 3115 237 3191 omnia,
253 3113 320 3173 item
336 3116 485 3193 pterygia,
501 3130 589 3174 varos
604 3114 717 3175 tollunt.
750 3117 903 3176 cicatrices
925 3133 988 3174 cum
1004 3114 1122 3191 elegan-

128 3200 167 3257 tia
188 3197 223 3256 ad
245 3198 375 3258 colorem
396 3198 509 3259 reducit
532 3197 673 3258 ladanum.
710 3199 757 3259 15.
781 3198 965 3258 Artemisiam
987 3206 1016 3256 et
1038 3196 1159 3262 cleli-ac

128 3280 266 3359 sphaenm
286 3282 426 3360 adligatas
450 3282 498 3361 qui
526 3280 630 3341 babeat
657 3284 752 3342 viator
777 3290 899 3358 negatur
924 3280 1122 3341 lassitudinem

128 3366 245 3424 sentire,

87 3458 134 3512 151
194 3450 277 3530 (90.)
299 3449 488 3510 bluliebribns
500 3449 610 3509 morbis
625 3447 757 3510 medetur
770 3463 900 3508 maxume
912 3448 942 3508 in
956 3449 1122 3508 universum
