2400 3840
343 192 423 248 usu.
438 189 528 238 nrsr.
545 189 642 239 xxvi.
654 187 681 242 8.
699 175 852 258 (to-49.)
1032 179 1091 240 113

95 365 184 409 sucus
202 354 306 425 purgat
320 353 442 423 utraque
457 353 540 423 parte
554 343 745 423 sesquiobolo
767 345 795 403 in
815 362 889 424 aqua
905 343 1008 415 mulsa.
1050 347 1093 406 sic

13 474 16 481 -
97 440 127 491 et
141 431 310 509 hydropicis
327 429 408 489 datur
423 427 568 489 acetabuli
582 445 725 489 mensura.
761 428 935 509 inspargitur
950 437 979 488 et
994 429 1092 489 aridae

95 515 202 576 radicis
223 514 313 573 larisa
335 513 456 591 potioni.
493 513 571 572 aiunt
593 512 775 590 superiorem
791 522 902 590 partem
925 513 986 573 eius
1005 513 1093 573 vomi·

10 602 13 627 ¹
95 599 176 658 tione
189 597 256 657 bilis
272 595 437 672 extrahere,
453 594 620 656 inferiorem
634 613 688 674 per
700 595 795 656 alvom
808 612 921 674 aquam.

71 697 86 738 s
156 681 239 759 (47.)
263 678 398 739 'furmina
411 679 526 740 discutit
541 677 741 759 quodcumque
764 697 910 757 panaces,
933 679 1089 741 Vettonica
1101 686 1136 744 ta

96 774 300 846 praeterquam
314 781 331 822 a
346 761 502 840 cruditate,
520 761 681 843 peucedani
695 780 783 823 sucus
799 772 827 823 et
848 763 1025 840 inflationes,
1046 781 1093 823 ru-

96 858 159 909 ctus
170 850 305 925 gignens,
321 848 390 907 item
405 848 485 907 acori
496 844 579 907 radix
589 846 757 924 daucumvn,
770 847 795 907 si
806 847 937 908 lactucae
948 847 1034 907 modo
1046 864 1093 906 su·

94 941 196 993 matur.
225 931 356 991 ladanum
373 928 509 1008 Gyprium
520 937 619 1008 potum
633 931 846 991 interaneorum
861 931 938 991 vitiis
954 931 1091 1006 occurrit,

95 1016 248 1093 gentianae
265 1013 356 1074 farina
375 1031 413 1075 ‚ex
428 1030 502 1091 aqua
518 1013 614 1091 tepida
627 1013 712 1074 labae
726 1012 936 1090 magnitudine,
954 1013 1093 1094 plantago

61 1116 179 1167 romane
195 1105 306 1174 sumpta
328 1095 438 1156 duabus
454 1097 571 1174 lingulis
589 1105 618 1157 et
632 1099 715 1158 tertia
736 1098 891 1175 papaveris
906 1099 935 1158 in
951 1098 1011 1157 vini
1026 1114 1093 1173 eya·

95 1182 152 1243 this
165 1189 300 1260 quattuor
320 1197 379 1240 non
393 1181 513 1240 ueteris.
542 1179 625 1240 datur
645 1183 723 1240 etin
743 1197 873 1241 somnum
889 1180 1021 1241 euntibus
1044 1180 1093 1240 ad·

95 1265 156 1326 dito
170 1266 245 1325 uiuo
257 1264 304 1324 uel
320 1263 451 1343 polenta,
465 1266 490 1324 si
505 1262 593 1323 multo
611 1273 678 1343 post
692 1263 786 1324 cibum
798 1263 891 1325 detur.
918 1264 984 1325 colo
1000 1264 1092 1324 iniun-

95 1348 170 1412 ditur
184 1347 295 1410 hemina
314 1347 374 1408 suci
391 1346 439 1407 uel
454 1348 483 1406 iu
497 1345 583 1408 febri.

159 1430 243 1510 (48.)
266 1429 425 1507 Agaricunr
435 1439 532 1508 potum
545 1429 641 1491 obolis
652 1429 744 1490 tribus
755 1431 783 1491 in
794 1431 852 1490 vini
865 1431 972 1492 veteris
985 1430 1090 1506 cyatho
1100 1439 1135 1496 75

59 1535 86 1578 rs
95 1532 152 1577 uno
163 1512 233 1575 lieni
243 1513 384 1591 medetur,
396 1522 425 1574 at
435 1515 555 1594 panacis
569 1515 692 1575 omnium
702 1532 843 1591 generum
854 1513 936 1575 radix
948 1515 976 1573 iu
987 1512 1092 1592 mulso,

95 1597 149 1660 sed
164 1597 286 1659 Teucria
301 1599 461 1676 praecipue
484 1607 553 1677 pota
568 1597 647 1658 arida
664 1607 693 1658 et
707 1599 830 1659 decocta
846 1607 980 1677 quantum
994 1614 1092 1657 manus

97 1682 193 1760 capiat
211 1682 239 1740 in
263 1682 337 1742 aceti
352 1680 472 1741 heminis
489 1681 590 1741 tribus.
624 1681 660 1742 ad
675 1681 780 1743 volnus
795 1681 921 1743 inlinitur
936 1681 1039 1742 eadem
1055 1698 1093 1741 ex

95 1774 181 1827 aceto
194 1773 254 1842 aut,
270 1766 296 1825 si
308 1764 426 1827 tolerari
440 1782 499 1829 acu
516 1767 620 1844 possit,
635 1784 674 1827 ex
685 1767 742 1826 hcu
752 1765 801 1827 val
816 1783 899 1843 aqua.
926 1765 1093 1826 Polemonia

96 1848 202 1909 bibitur
213 1867 251 1909 ex
261 1849 501 1924 vino‚liettouica
514 1849 689 1913 draobmaiu
703 1849 867 1924 oxymelitis
879 1848 990 1924 cyathis
1002 1849 1083 1910 tri-ss,
1094 1865 1126 1902 ror

59 1932 168 2007 subus,
196 1932 384 1993 aristolochia
404 1941 434 1992 ut
456 1942 559 1995 cosma
579 1933 735 2010 serpentis.
779 1931 956 2009 Argemonia
978 1940 1091 2012 septem
1100 1939 1135 1996 76

97 2013 199 2077 diebus
214 2017 243 2075 in
258 2015 324 2076 cibo
340 2023 452 2094 sumpta
468 2015 575 2077 lienem
589 2032 760 2077 consumere
777 2016 891 2090 dicitur,
906 2015 1054 2093 agaricum
1064 2015 1094 2073 iu

96 2107 181 2159 aceto
196 2099 289 2159 mulso
306 2098 403 2160 obolis
420 2097 544 2161 duobus.
579 2098 760 2178 nymphaeae
779 2097 933 2159 Heracliae
955 2098 1038 2158 radix
1064 2099 1092 2156 ln

96 2183 163 2242 vino
180 2192 248 2260 pota
265 2191 294 2241 et
316 2183 379 2260 ipsa
404 2184 553 2243 consumit.
591 2183 800 2244 cissanthemus
821 2180 955 2242 drachma
978 2180 1023 2240 bis
1046 2181 1093 2240 die

97 2274 208 2344 sumpta
223 2267 252 2324 in
265 2266 323 2324 uini
339 2265 397 2326 albi
417 2266 527 2341 cyathis
543 2266 655 2328 duobus
676 2284 730 2346 per
745 2267 808 2328 dies
823 2265 872 2326 XL
893 2267 998 2326 lienem
1023 2263 1092 2325 dici·

59 2369 87 2412 su
98 2357 144 2409 tur
159 2350 294 2427 paulatim
315 2350 447 2410 emittere
467 2368 520 2429 per
538 2353 655 2412 urinam.
684 2350 805 2430 prodest
820 2358 849 2409 et
862 2349 1006 2428 hysopum
1029 2366 1093 2408 cum

95 2433 153 2493 lico
176 2432 346 2509 decoctum,
366 2433 531 2493 lonchitidis
553 2435 635 2494 radix
656 2433 779 2495 decocta
805 2433 969 2512 prinsquam
993 2449 1093 2491 semen

95 2515 235 2593 demittat,
250 2516 412 2594 peucedani
428 2532 544 2594 quoque
556 2516 638 2576 radix
653 2515 779 2575 decocta
795 2524 824 2574 et
839 2515 906 2575 lieni
923 2524 951 2574 et
962 2514 1091 2574 renibus.

94 2598 166 2660 Lien
181 2599 262 2658 acori
277 2607 347 2675 potu
363 2599 554 2674 eonsumitur,
579 2597 758 2676 praecordiis
774 2605 802 2656 et
819 2597 904 2656 ilibus
921 2597 1088 2656 utilissimae
1100 2606 1134 2663 ut

94 2680 221 2757 radices,
238 2680 360 2756 clymeni
373 2698 473 2742 semen
487 2687 586 2760 potum
600 2679 701 2740 dicbus
715 2679 832 2757 triginta
847 2677 977 2758 pondere
993 2679 1092 2739 denari

57 2783 86 2828 tc
96 2767 125 2825 in
137 2765 203 2824 vino
216 2762 294 2840 albo,
305 2762 478 2824 vettonicae
490 2763 582 2824 farina
599 2781 636 2823 ex
650 2763 736 2823 melle
749 2771 778 2823 et
793 2771 877 2822 aceto
893 2762 999 2823 scillite
1012 2771 1091 2841 pota,

94 2847 177 2909 radix
192 2845 358 2908 lonchitidis
374 2847 404 2908 in
425 2865 509 2927 aqua,
526 2846 680 2907 Teucriam
696 2846 838 2924 inlinitur,
859 2847 925 2907 item
946 2846 1092 2907 scordium

96 2950 160 2992 cum
177 2948 257 3008 cera,
273 2931 419 3009 agaricum
436 2950 499 2991 cum
511 2930 603 2991 farina
623 2949 639 2990 e
654 2930 722 2990 ieuo
738 2929 861 2990 Graeco.

159 3015 243 3093 (49.)
267 3015 395 3076 Vesicae
410 3014 492 3075 malis
508 3023 667 3092 contraque
683 3014 813 3076 calculos
826 3016 1006 3092 gravissimis
1024 3033 1087 3074 crn-
1098 3025 1135 3081 78

96 3099 233 3174 cialibus,
254 3107 285 3157 nt
300 3099 435 3174 diximus,
459 3097 566 3157 auxilio
581 3107 625 3157 est
639 3097 806 3158 Polemonia
828 3117 866 3159 ex
886 3101 952 3160 vinc
968 3108 1047 3177 pota,
1059 3117 1090 3156 ιε.
1101 3118 1125 3152 sa

59 3183 166 3242 saitem
189 3184 350 3259 agaricum,
381 3180 517 3261 plantago
539 3180 618 3242 foliis
645 3182 695 3242 vel
715 3181 814 3242 radice
835 3184 912 3262 potis
932 3200 969 3242 ex
990 3196 1090 3259 passo,

95 3264 250 3327 Vettonica
272 3275 300 3325 ut
315 3266 343 3324 in
357 3264 488 3325 iocinere
504 3262 641 3343 diximus,
661 3266 729 3327 item
745 3267 838 3327 ramiti
852 3274 921 3346 pota
942 3273 1028 3342 atque
1048 3263 1123 3321 in-ss

96 3349 158 3425 lita,
174 3348 275 3408 eadem
292 3347 328 3408 ad
346 3348 524 3424 strangurias
539 3348 752 3409 efficacissima.
780 3349 817 3410 ad
833 3347 961 3410 calculos
977 3345 1091 3425 qnidam

95 3432 279 3495 vettonicam
294 3441 323 3492 et
338 3430 532 3491 verbenacam
548 3439 577 3491 et
591 3430 769 3493 millefolium
786 3431 891 3527 nequiq
909 3427 1101 3508 portionibus

146 3535 215 3578 nuru.
231 3536 295 3577 uxr.
309 3535 379 3576 rrrsr.
401 3516 449 3575 IV.
919 3512 946 3572 Q
