<?xml version="1.0" encoding="UTF-8"?>
<!DOCTYPE html PUBLIC "-//W3C//DTD XHTML 1.0 Transitional//EN"
    "http://www.w3.org/TR/xhtml1/DTD/xhtml1-transitional.dtd">
<html xmlns="http://www.w3.org/1999/xhtml" xml:lang="en" lang="en">
 <head>
  <title>
</title>
<meta http-equiv="Content-Type" content="text/html;charset=utf-8" />
  <meta name='ocr-system' content='tesseract 3.04.00' />
  <meta name='ocr-capabilities' content='ocr_page ocr_carea ocr_par ocr_line ocrx_word'/>
</head>
<body>
  <div class='ocr_page' id='page_1' title='image "./cplinisecundina06plingoog_0166.png"; bbox 0 0 2400 3840; ppageno 0'>
   <div class='ocr_carea' id='block_1_1' title="bbox 312 194 1089 273">
    <p class='ocr_par' dir='ltr' id='par_1_1' title="bbox 312 194 1089 273">
     <span class='ocr_line' id='line_1_1' title="bbox 312 194 1089 273; baseline 0.009 -24"><span class='ocrx_word' id='word_1_1' title='bbox 312 203 392 251; x_wconf 78' lang='lat' dir='ltr'><strong>nar.</strong></span> <span class='ocrx_word' id='word_1_2' title='bbox 411 203 501 252; x_wconf 79' lang='lat' dir='ltr'><strong>urso.</strong></span> <span class='ocrx_word' id='word_1_3' title='bbox 517 207 599 254; x_wconf 83' lang='lat' dir='ltr'><strong>xxv.</strong></span> <span class='ocrx_word' id='word_1_4' title='bbox 620 194 890 273; x_wconf 78' lang='lat' dir='ltr'><strong>ro.11.(ta—85.)</strong></span> <span class='ocrx_word' id='word_1_5' title='bbox 1053 196 1089 257; x_wconf 86' lang='lat'><strong>91</strong></span> 
     </span>
    </p>
   </div>
   <div class='ocr_carea' id='block_1_2' title="bbox 53 360 1191 3347">
    <p class='ocr_par' dir='ltr' id='par_1_2' title="bbox 53 360 1191 3347">
     <span class='ocr_line' id='line_1_2' title="bbox 95 360 1092 440; baseline 0.008 -27"><span class='ocrx_word' id='word_1_6' title='bbox 95 372 228 415; x_wconf 87' lang='lat' dir='ltr'><strong>mensura</strong></span> <span class='ocrx_word' id='word_1_7' title='bbox 247 374 302 435; x_wconf 87' lang='lat' dir='ltr'><strong>qua</strong></span> <span class='ocrx_word' id='word_1_8' title='bbox 320 367 419 418; x_wconf 84' lang='lat' dir='ltr'><strong>contra</strong></span> <span class='ocrx_word' id='word_1_9' title='bbox 434 360 597 438; x_wconf 89' lang='lat' dir='ltr'><strong>serpentis,</strong></span> <span class='ocrx_word' id='word_1_10' title='bbox 613 360 792 439; x_wconf 81' lang='lat' dir='ltr'><strong>quinquefoli</strong></span> <span class='ocrx_word' id='word_1_11' title='bbox 810 379 913 438; x_wconf 92' lang='lat' dir='ltr'><strong>sucus,</strong></span> <span class='ocrx_word' id='word_1_12' title='bbox 935 361 1092 440; x_wconf 75' lang='lat' dir='ltr'><strong>agaricum,</strong></span> 
     </span>
     <span class='ocr_line' id='line_1_3' title="bbox 95 441 1093 580; baseline 0.007 -84"><span class='ocrx_word' id='word_1_13' title='bbox 95 448 248 580; x_wconf 59' lang='lat' dir='ltr'><strong>phostqupm</strong></span> <span class='ocrx_word' id='word_1_14' title='bbox 264 442 442 518; x_wconf 82' lang='lat' dir='ltr'><strong>vomuerint,</strong></span> <span class='ocrx_word' id='word_1_15' title='bbox 465 441 564 503; x_wconf 82' lang='lat' dir='ltr'>denari</span> <span class='ocrx_word' id='word_1_16' title='bbox 585 443 716 521; x_wconf 89' lang='lat' dir='ltr'><strong>pondere</strong></span> <span class='ocrx_word' id='word_1_17' title='bbox 740 461 778 502; x_wconf 83' lang='lat' dir='ltr'><strong>er</strong></span> <span class='ocrx_word' id='word_1_18' title='bbox 793 461 885 524; x_wconf 85' lang='lat' dir='ltr'><strong>aquae</strong></span> <span class='ocrx_word' id='word_1_19' title='bbox 902 445 1011 505; x_wconf 91' lang='lat' dir='ltr'><strong>mulsae</strong></span> <span class='ocrx_word' id='word_1_20' title='bbox 1028 463 1093 520; x_wconf 91' lang='lat' dir='ltr'><strong>oya·</strong></span> 
     </span>
     <span class='ocr_line' id='line_1_4' title="bbox 94 522 268 581; baseline 0.006 -1"><span class='ocrx_word' id='word_1_21' title='bbox 94 523 150 580; x_wconf 88' lang='lat' dir='ltr'><strong>tis</strong></span> <span class='ocrx_word' id='word_1_22' title='bbox 169 522 204 580; x_wconf 92' lang='lat' dir='ltr'><strong>tri</strong></span> <span class='ocrx_word' id='word_1_23' title='bbox 227 541 268 581; x_wconf 88' lang='lat' dir='ltr'><strong>us.</strong></span> 
     </span>
     <span class='ocr_line' id='line_1_5' title="bbox 159 605 1136 688; baseline 0.008 -21"><span class='ocrx_word' id='word_1_24' title='bbox 159 605 243 684; x_wconf 86' lang='grc'>(80.)</span> <span class='ocrx_word' id='word_1_25' title='bbox 260 605 454 667; x_wconf 80' lang='lat' dir='ltr'><strong>Antirrhinum</strong></span> <span class='ocrx_word' id='word_1_26' title='bbox 468 618 589 669; x_wconf 87' lang='lat' dir='ltr'><strong>vocatur</strong></span> <span class='ocrx_word' id='word_1_27' title='bbox 603 611 664 669; x_wconf 88' lang='lat' dir='ltr'><strong>sive</strong></span> <span class='ocrx_word' id='word_1_28' title='bbox 680 609 903 688; x_wconf 86' lang='lat' dir='ltr'><strong>parauarrhinon</strong></span> <span class='ocrx_word' id='word_1_29' title='bbox 916 611 977 669; x_wconf 81' lang='lat' dir='ltr'><strong>sive</strong></span> <span class='ocrx_word' id='word_1_30' title='bbox 991 608 1071 685; x_wconf 93' lang='lat' dir='ltr'><strong>lych·</strong></span> <span class='ocrx_word' id='word_1_31' title='bbox 1085 620 1136 675; x_wconf 81' lang='grc'><strong>129</strong></span> 
     </span>
     <span class='ocr_line' id='line_1_6' title="bbox 71 689 1091 770; baseline 0.007 -23"><span class='ocrx_word' id='word_1_32' title='bbox 71 689 138 748; x_wconf 80' lang='lat' dir='ltr'><strong>snis</strong></span> <span class='ocrx_word' id='word_1_33' title='bbox 160 689 241 765; x_wconf 90' lang='lat' dir='ltr'><strong>agria</strong></span> <span class='ocrx_word' id='word_1_34' title='bbox 256 689 349 749; x_wconf 88' lang='lat' dir='ltr'><strong>simile</strong></span> <span class='ocrx_word' id='word_1_35' title='bbox 371 690 446 768; x_wconf 90' lang='lat' dir='ltr'><strong>lino,</strong></span> <span class='ocrx_word' id='word_1_36' title='bbox 470 690 570 751; x_wconf 89' lang='lat' dir='ltr'><strong>radice</strong></span> <span class='ocrx_word' id='word_1_37' title='bbox 593 692 687 770; x_wconf 91' lang='lat' dir='ltr'><strong>nulla,</strong></span> <span class='ocrx_word' id='word_1_38' title='bbox 710 693 784 752; x_wconf 89' lang='lat' dir='ltr'><strong>llore</strong></span> <span class='ocrx_word' id='word_1_39' title='bbox 804 693 966 770; x_wconf 76' lang='lat' dir='ltr'>hyacinthi,</span> <span class='ocrx_word' id='word_1_40' title='bbox 984 695 1091 754; x_wconf 89' lang='lat' dir='ltr'><strong>semine</strong></span> 
     </span>
     <span class='ocr_line' id='line_1_7' title="bbox 93 770 1091 854; baseline 0.006 -24"><span class='ocrx_word' id='word_1_41' title='bbox 93 770 175 830; x_wconf 86' lang='lat' dir='ltr'><strong>vituli</strong></span> <span class='ocrx_word' id='word_1_42' title='bbox 196 775 313 832; x_wconf 93' lang='lat' dir='ltr'><strong>narium.</strong></span> <span class='ocrx_word' id='word_1_43' title='bbox 345 792 383 831; x_wconf 86' lang='lat' dir='ltr'><strong>ex</strong></span> <span class='ocrx_word' id='word_1_44' title='bbox 406 774 464 834; x_wconf 91' lang='lat' dir='ltr'><strong>hoc</strong></span> <span class='ocrx_word' id='word_1_45' title='bbox 485 784 642 854; x_wconf 75' lang='lat' dir='ltr'><strong>perunctos</strong></span> <span class='ocrx_word' id='word_1_46' title='bbox 663 777 845 836; x_wconf 68' lang='lat' dir='ltr'>venustiores</span> <span class='ocrx_word' id='word_1_47' title='bbox 866 777 929 836; x_wconf 92' lang='lat' dir='ltr'><strong>lieri</strong></span> <span class='ocrx_word' id='word_1_48' title='bbox 951 794 1006 835; x_wconf 89' lang='lat' dir='ltr'><strong>uec</strong></span> <span class='ocrx_word' id='word_1_49' title='bbox 1031 777 1091 836; x_wconf 91' lang='lat' dir='ltr'><strong>ullo</strong></span> 
     </span>
     <span class='ocr_line' id='line_1_8' title="bbox 93 855 1091 936; baseline 0.007 -23"><span class='ocrx_word' id='word_1_50' title='bbox 93 855 169 914; x_wconf 90' lang='lat' dir='ltr'><strong>malo</strong></span> <span class='ocrx_word' id='word_1_51' title='bbox 185 855 393 916; x_wconf 85' lang='lat' dir='ltr'><strong>medicamento</strong></span> <span class='ocrx_word' id='word_1_52' title='bbox 407 856 483 916; x_wconf 86' lang='lat' dir='ltr'><strong>laedi</strong></span> <span class='ocrx_word' id='word_1_53' title='bbox 494 875 585 936; x_wconf 92' lang='lat' dir='ltr'><strong>posse</strong></span> <span class='ocrx_word' id='word_1_54' title='bbox 598 867 646 918; x_wconf 92' lang='lat' dir='ltr'><strong>aut</strong></span> <span class='ocrx_word' id='word_1_55' title='bbox 656 876 783 935; x_wconf 84' lang='lat' dir='ltr'><strong>veneno,</strong></span> <span class='ocrx_word' id='word_1_56' title='bbox 798 861 823 918; x_wconf 92' lang='lat' dir='ltr'><strong>si</strong></span> <span class='ocrx_word' id='word_1_57' title='bbox 837 860 902 936; x_wconf 82' lang='lat' dir='ltr'><strong>quis</strong></span> <span class='ocrx_word' id='word_1_58' title='bbox 916 861 944 918; x_wconf 94' lang='lat' dir='ltr'><strong>in</strong></span> <span class='ocrx_word' id='word_1_59' title='bbox 961 858 1091 920; x_wconf 91' lang='lat' dir='ltr'><strong>bracchi·</strong></span> 
     </span>
     <span class='ocr_line' id='line_1_9' title="bbox 93 937 1134 1020; baseline 0.008 -23"><span class='ocrx_word' id='word_1_60' title='bbox 93 937 130 997; x_wconf 93' lang='lat' dir='ltr'><strong>ali</strong></span> <span class='ocrx_word' id='word_1_61' title='bbox 142 937 256 1015; x_wconf 89' lang='lat' dir='ltr'><strong>habeat,</strong></span> <span class='ocrx_word' id='word_1_62' title='bbox 269 939 440 1000; x_wconf 81' lang='lat' dir='ltr'><strong>arbitrantur</strong></span> <span class='ocrx_word' id='word_1_63' title='bbox 447 940 535 1017; x_wconf 83' lang='lat' dir='ltr'><strong>blagi.</strong></span> <span class='ocrx_word' id='word_1_64' title='bbox 551 940 636 1020; x_wconf 85' lang='grc'>(81.)</span> <span class='ocrx_word' id='word_1_65' title='bbox 657 941 787 1002; x_wconf 88' lang='lat' dir='ltr'><strong>similitor</strong></span> <span class='ocrx_word' id='word_1_66' title='bbox 798 960 832 1002; x_wconf 91' lang='lat' dir='ltr'><strong>ea</strong></span> <span class='ocrx_word' id='word_1_67' title='bbox 854 960 936 1019; x_wconf 81' lang='lat' dir='ltr'><strong>quam</strong></span> <span class='ocrx_word' id='word_1_68' title='bbox 948 943 1072 1019; x_wconf 89' lang='lat' dir='ltr'><strong>eupliam</strong></span> <span class='ocrx_word' id='word_1_69' title='bbox 1084 953 1134 1005; x_wconf 79' lang='lat'><strong>130</strong></span> 
     </span>
     <span class='ocr_line' id='line_1_10' title="bbox 93 1021 1091 1100; baseline 0.008 -22"><span class='ocrx_word' id='word_1_70' title='bbox 93 1030 199 1080; x_wconf 83' lang='lat' dir='ltr'><strong>vocant</strong></span> <span class='ocrx_word' id='word_1_71' title='bbox 213 1021 384 1100; x_wconf 83' lang='lat' dir='ltr'><strong>traduntque</strong></span> <span class='ocrx_word' id='word_1_72' title='bbox 400 1041 435 1083; x_wconf 87' lang='lat' dir='ltr'><strong>ea</strong></span> <span class='ocrx_word' id='word_1_73' title='bbox 451 1033 608 1100; x_wconf 72' lang='lat' dir='ltr'>perunctos</span> <span class='ocrx_word' id='word_1_74' title='bbox 625 1025 875 1085; x_wconf 78' lang='lat' dir='ltr'><strong>commendatioris</strong></span> <span class='ocrx_word' id='word_1_75' title='bbox 896 1043 963 1085; x_wconf 92' lang='lat' dir='ltr'><strong>esse</strong></span> <span class='ocrx_word' id='word_1_76' title='bbox 987 1026 1091 1086; x_wconf 90' lang='lat' dir='ltr'><strong>lamae.</strong></span> 
     </span>
     <span class='ocr_line' id='line_1_11' title="bbox 60 1106 1191 1184; baseline 0.002 -21"><span class='ocrx_word' id='word_1_77' title='bbox 60 1121 85 1163; x_wconf 84' lang='lat' dir='ltr'><strong>ao</strong></span> <span class='ocrx_word' id='word_1_78' title='bbox 96 1106 279 1179; x_wconf 84' lang='lat' dir='ltr'><strong>Artemisiam</strong></span> <span class='ocrx_word' id='word_1_79' title='bbox 299 1122 416 1183; x_wconf 85' lang='lat' dir='ltr'><strong>quoque</strong></span> <span class='ocrx_word' id='word_1_80' title='bbox 440 1125 538 1166; x_wconf 90' lang='lat' dir='ltr'><strong>secum</strong></span> <span class='ocrx_word' id='word_1_81' title='bbox 559 1107 730 1167; x_wconf 77' lang='lat' dir='ltr'><strong>habentibus</strong></span> <span class='ocrx_word' id='word_1_82' title='bbox 757 1116 862 1184; x_wconf 85' lang='lat' dir='ltr'><strong>negant</strong></span> <span class='ocrx_word' id='word_1_83' title='bbox 886 1124 996 1168; x_wconf 91' lang='lat' dir='ltr'><strong>nocero</strong></span> <span class='ocrx_word' id='word_1_84' title='bbox 1017 1109 1092 1169; x_wconf 91' lang='lat' dir='ltr'><strong>mala</strong></span> <span class='ocrx_word' id='word_1_85' title='bbox 1187 1158 1191 1165; x_wconf 91' lang='lat'><strong>.</strong></span> 
     </span>
     <span class='ocr_line' id='line_1_12' title="bbox 93 1187 1092 1268; baseline 0.003 -20"><span class='ocrx_word' id='word_1_86' title='bbox 93 1187 301 1248; x_wconf 85' lang='lat' dir='ltr'><strong>medicamenta</strong></span> <span class='ocrx_word' id='word_1_87' title='bbox 316 1188 364 1248; x_wconf 90' lang='lat' dir='ltr'><strong>vel</strong></span> <span class='ocrx_word' id='word_1_88' title='bbox 378 1188 500 1250; x_wconf 89' lang='lat' dir='ltr'><strong>bestiam</strong></span> <span class='ocrx_word' id='word_1_89' title='bbox 515 1190 613 1266; x_wconf 91' lang='lat' dir='ltr'><strong>ullam,</strong></span> <span class='ocrx_word' id='word_1_90' title='bbox 628 1208 665 1249; x_wconf 89' lang='lat' dir='ltr'><strong>ue</strong></span> <span class='ocrx_word' id='word_1_91' title='bbox 679 1190 772 1250; x_wconf 90' lang='lat' dir='ltr'><strong>solem</strong></span> <span class='ocrx_word' id='word_1_92' title='bbox 787 1190 911 1268; x_wconf 84' lang='lat' dir='ltr'><strong>quidem.</strong></span> <span class='ocrx_word' id='word_1_93' title='bbox 939 1190 1047 1251; x_wconf 77' lang='lat' dir='ltr'><strong>bibitur</strong></span> <span class='ocrx_word' id='word_1_94' title='bbox 1062 1200 1092 1251; x_wconf 91' lang='lat' dir='ltr'><strong>et</strong></span> 
     </span>
     <span class='ocr_line' id='line_1_13' title="bbox 93 1272 1090 1351; baseline 0.002 -20"><span class='ocrx_word' id='word_1_95' title='bbox 93 1272 167 1331; x_wconf 89' lang='lat' dir='ltr'><strong>haec</strong></span> <span class='ocrx_word' id='word_1_96' title='bbox 183 1290 220 1330; x_wconf 85' lang='lat' dir='ltr'><strong>ex</strong></span> <span class='ocrx_word' id='word_1_97' title='bbox 234 1272 301 1332; x_wconf 84' lang='lat' dir='ltr'><strong>vino</strong></span> <span class='ocrx_word' id='word_1_98' title='bbox 319 1272 458 1332; x_wconf 87' lang='lat' dir='ltr'><strong>adversus</strong></span> <span class='ocrx_word' id='word_1_99' title='bbox 475 1275 582 1350; x_wconf 89' lang='lat' dir='ltr'><strong>opium.</strong></span> <span class='ocrx_word' id='word_1_100' title='bbox 623 1272 750 1349; x_wconf 85' lang='lat' dir='ltr'><strong>adligata</strong></span> <span class='ocrx_word' id='word_1_101' title='bbox 768 1275 900 1351; x_wconf 88' lang='lat' dir='ltr'><strong>privatim</strong></span> <span class='ocrx_word' id='word_1_102' title='bbox 915 1283 1020 1351; x_wconf 91' lang='lat' dir='ltr'><strong>potens</strong></span> <span class='ocrx_word' id='word_1_103' title='bbox 1034 1283 1090 1333; x_wconf 89' lang='lat' dir='ltr'><strong>tra·</strong></span> 
     </span>
     <span class='ocr_line' id='line_1_14' title="bbox 93 1353 557 1432; baseline 0 -20"><span class='ocrx_word' id='word_1_104' title='bbox 93 1353 167 1413; x_wconf 86' lang='lat' dir='ltr'><strong>ditur</strong></span> <span class='ocrx_word' id='word_1_105' title='bbox 186 1363 292 1432; x_wconf 82' lang='lat' dir='ltr'><strong>potare</strong></span> <span class='ocrx_word' id='word_1_106' title='bbox 307 1355 449 1415; x_wconf 87' lang='lat' dir='ltr'><strong>adversus</strong></span> <span class='ocrx_word' id='word_1_107' title='bbox 464 1374 557 1416; x_wconf 89' lang='lat' dir='ltr'><strong>ranas.</strong></span> 
     </span>
     <span class='ocr_line' id='line_1_15' title="bbox 153 1436 1129 1517; baseline 0.005 -19"><span class='ocrx_word' id='word_1_108' title='bbox 153 1436 236 1515; x_wconf 81' lang='lat'><strong>(82.)</strong></span> <span class='ocrx_word' id='word_1_109' title='bbox 260 1437 446 1517; x_wconf 89' lang='lat' dir='ltr'><strong>Pericarpum</strong></span> <span class='ocrx_word' id='word_1_110' title='bbox 469 1438 547 1498; x_wconf 90' lang='lat' dir='ltr'><strong>bulbi</strong></span> <span class='ocrx_word' id='word_1_111' title='bbox 562 1456 655 1516; x_wconf 88' lang='lat' dir='ltr'><strong>genus</strong></span> <span class='ocrx_word' id='word_1_112' title='bbox 670 1447 723 1498; x_wconf 90' lang='lat' dir='ltr'><strong>est.</strong></span> <span class='ocrx_word' id='word_1_113' title='bbox 755 1437 828 1498; x_wconf 86' lang='lat' dir='ltr'><strong>duae</strong></span> <span class='ocrx_word' id='word_1_114' title='bbox 848 1440 910 1498; x_wconf 88' lang='lat' dir='ltr'><strong>eius</strong></span> <span class='ocrx_word' id='word_1_115' title='bbox 936 1441 1068 1516; x_wconf 89' lang='lat' dir='ltr'><strong>species:</strong></span> <span class='ocrx_word' id='word_1_116' title='bbox 1083 1450 1129 1503; x_wconf 83' lang='grc'><strong>131</strong></span> 
     </span>
     <span class='ocr_line' id='line_1_16' title="bbox 57 1520 1088 1600; baseline 0.007 -25"><span class='ocrx_word' id='word_1_117' title='bbox 57 1521 205 1580; x_wconf 74' lang='lat' dir='ltr'><strong>coortice</strong></span> <span class='ocrx_word' id='word_1_118' title='bbox 227 1520 314 1580; x_wconf 88' lang='lat' dir='ltr'><strong>rubro</strong></span> <span class='ocrx_word' id='word_1_119' title='bbox 338 1520 473 1597; x_wconf 90' lang='lat' dir='ltr'><strong>alterum,</strong></span> <span class='ocrx_word' id='word_1_120' title='bbox 497 1522 617 1582; x_wconf 88' lang='lat' dir='ltr'><strong>alterum</strong></span> <span class='ocrx_word' id='word_1_121' title='bbox 635 1521 720 1598; x_wconf 90' lang='lat' dir='ltr'><strong>nigro</strong></span> <span class='ocrx_word' id='word_1_122' title='bbox 742 1522 881 1600; x_wconf 79' lang='lat' dir='ltr'><strong>papaveri</strong></span> <span class='ocrx_word' id='word_1_123' title='bbox 903 1523 1010 1599; x_wconf 86' lang='lat' dir='ltr'><strong>simile,</strong></span> <span class='ocrx_word' id='word_1_124' title='bbox 1036 1522 1088 1582; x_wconf 90' lang='lat' dir='ltr'><strong>sed</strong></span> 
     </span>
     <span class='ocr_line' id='line_1_17' title="bbox 90 1604 1088 1683; baseline 0.002 -21"><span class='ocrx_word' id='word_1_125' title='bbox 90 1607 136 1664; x_wconf 84' lang='lat' dir='ltr'><strong>vis</strong></span> <span class='ocrx_word' id='word_1_126' title='bbox 147 1605 239 1663; x_wconf 92' lang='lat' dir='ltr'><strong>maior</strong></span> <span class='ocrx_word' id='word_1_127' title='bbox 250 1622 333 1683; x_wconf 85' lang='lat' dir='ltr'><strong>quam</strong></span> <span class='ocrx_word' id='word_1_128' title='bbox 341 1605 442 1683; x_wconf 84' lang='lat' dir='ltr'><strong>priori,</strong></span> <span class='ocrx_word' id='word_1_129' title='bbox 454 1607 566 1683; x_wconf 88' lang='lat' dir='ltr'><strong>utrique</strong></span> <span class='ocrx_word' id='word_1_130' title='bbox 576 1614 668 1665; x_wconf 89' lang='lat' dir='ltr'><strong>autem</strong></span> <span class='ocrx_word' id='word_1_131' title='bbox 681 1604 914 1665; x_wconf 82' lang='lat' dir='ltr'><strong>excalfacienda.</strong></span> <span class='ocrx_word' id='word_1_132' title='bbox 941 1606 1009 1666; x_wconf 88' lang='lat' dir='ltr'><strong>ideo</strong></span> <span class='ocrx_word' id='word_1_133' title='bbox 1022 1622 1088 1665; x_wconf 87' lang='lat' dir='ltr'><strong>con-</strong></span> 
     </span>
     <span class='ocr_line' id='line_1_18' title="bbox 90 1686 1088 1768; baseline 0.002 -22"><span class='ocrx_word' id='word_1_134' title='bbox 90 1696 135 1746; x_wconf 88' lang='lat' dir='ltr'><strong>tra</strong></span> <span class='ocrx_word' id='word_1_135' title='bbox 150 1688 271 1746; x_wconf 87' lang='lat' dir='ltr'><strong>cicutam</strong></span> <span class='ocrx_word' id='word_1_136' title='bbox 287 1686 382 1763; x_wconf 88' lang='lat' dir='ltr'><strong>datur,</strong></span> <span class='ocrx_word' id='word_1_137' title='bbox 399 1697 596 1768; x_wconf 86' lang='lat' dir='ltr'><strong>contraquam</strong></span> <span class='ocrx_word' id='word_1_138' title='bbox 613 1697 642 1747; x_wconf 92' lang='lat' dir='ltr'><strong>et</strong></span> <span class='ocrx_word' id='word_1_139' title='bbox 656 1697 702 1748; x_wconf 88' lang='lat' dir='ltr'><strong>tus</strong></span> <span class='ocrx_word' id='word_1_140' title='bbox 717 1697 745 1747; x_wconf 93' lang='lat' dir='ltr'><strong>et</strong></span> <span class='ocrx_word' id='word_1_141' title='bbox 761 1705 905 1765; x_wconf 89' lang='lat' dir='ltr'><strong>panaces,</strong></span> <span class='ocrx_word' id='word_1_142' title='bbox 923 1686 1088 1749; x_wconf 82' lang='lat' dir='ltr'><strong>Chironium</strong></span> 
     </span>
     <span class='ocr_line' id='line_1_19' title="bbox 92 1770 645 1849; baseline 0 -20"><span class='ocrx_word' id='word_1_143' title='bbox 92 1771 259 1849; x_wconf 88' lang='lat' dir='ltr'><strong>praecipue.</strong></span> <span class='ocrx_word' id='word_1_144' title='bbox 292 1770 350 1830; x_wconf 93' lang='lat' dir='ltr'><strong>hoc</strong></span> <span class='ocrx_word' id='word_1_145' title='bbox 368 1781 398 1830; x_wconf 92' lang='lat' dir='ltr'><strong>et</strong></span> <span class='ocrx_word' id='word_1_146' title='bbox 414 1781 513 1834; x_wconf 89' lang='lat' dir='ltr'><strong>contra</strong></span> <span class='ocrx_word' id='word_1_147' title='bbox 528 1773 645 1849; x_wconf 85' lang='lat' dir='ltr'><strong>longos.</strong></span> 
     </span>
     <span class='ocr_line' id='line_1_20' title="bbox 156 1852 1132 1933; baseline 0.002 -21"><span class='ocrx_word' id='word_1_148' title='bbox 156 1854 204 1912; x_wconf 89' lang='lat'><strong>11.</strong></span> <span class='ocrx_word' id='word_1_149' title='bbox 227 1852 310 1931; x_wconf 83' lang='lat'><strong>(83.)</strong></span> <span class='ocrx_word' id='word_1_150' title='bbox 333 1855 442 1914; x_wconf 84' lang='lat' dir='ltr'><strong>Verum</strong></span> <span class='ocrx_word' id='word_1_151' title='bbox 463 1863 493 1915; x_wconf 84' lang='lat' dir='ltr'><strong>et</strong></span> <span class='ocrx_word' id='word_1_152' title='bbox 507 1855 668 1932; x_wconf 80' lang='lat' dir='ltr'><strong>generatim</strong></span> <span class='ocrx_word' id='word_1_153' title='bbox 687 1855 924 1933; x_wconf 75' lang='lat' dir='ltr'><strong>membratimque</strong></span> <span class='ocrx_word' id='word_1_154' title='bbox 949 1854 1070 1931; x_wconf 88' lang='lat' dir='ltr'><strong>singulis</strong></span> <span class='ocrx_word' id='word_1_155' title='bbox 1082 1866 1132 1920; x_wconf 77' lang='lat' dir='ltr'><strong>13‘t</strong></span> 
     </span>
     <span class='ocr_line' id='line_1_21' title="bbox 54 1935 1089 2017; baseline 0.005 -26"><span class='ocrx_word' id='word_1_156' title='bbox 54 1953 82 1992; x_wconf 79' lang='lat' dir='ltr'><strong>aa</strong></span> <span class='ocrx_word' id='word_1_157' title='bbox 92 1953 247 2015; x_wconf 88' lang='lat' dir='ltr'><strong>corporum</strong></span> <span class='ocrx_word' id='word_1_158' title='bbox 259 1935 367 1995; x_wconf 82' lang='lat' dir='ltr'><strong>morbis</strong></span> <span class='ocrx_word' id='word_1_159' title='bbox 379 1938 507 1999; x_wconf 88' lang='lat' dir='ltr'><strong>remedia</strong></span> <span class='ocrx_word' id='word_1_160' title='bbox 515 1937 699 1998; x_wconf 82' lang='lat' dir='ltr'><strong>subtexemus</strong></span> <span class='ocrx_word' id='word_1_161' title='bbox 710 1938 796 1998; x_wconf 93' lang='lat' dir='ltr'><strong>orsia</strong></span> <span class='ocrx_word' id='word_1_162' title='bbox 807 1939 912 2017; x_wconf 88' lang='lat' dir='ltr'><strong>capite.</strong></span> <span class='ocrx_word' id='word_1_163' title='bbox 929 1937 1089 2016; x_wconf 72' lang='lat' dir='ltr'><strong>alopecias</strong></span> 
     </span>
     <span class='ocr_line' id='line_1_22' title="bbox 91 2018 1088 2096; baseline 0.003 -18"><span class='ocrx_word' id='word_1_164' title='bbox 91 2018 224 2078; x_wconf 90' lang='lat' dir='ltr'><strong>emendat</strong></span> <span class='ocrx_word' id='word_1_165' title='bbox 239 2019 419 2096; x_wconf 78' lang='lat' dir='ltr'><strong>nymphaeae</strong></span> <span class='ocrx_word' id='word_1_166' title='bbox 434 2020 586 2082; x_wconf 83' lang='lat' dir='ltr'><strong>Heracliae</strong></span> <span class='ocrx_word' id='word_1_167' title='bbox 608 2020 710 2095; x_wconf 83' lang='lat' dir='ltr'><strong>radix,</strong></span> <span class='ocrx_word' id='word_1_168' title='bbox 739 2022 765 2080; x_wconf 93' lang='lat' dir='ltr'><strong>si</strong></span> <span class='ocrx_word' id='word_1_169' title='bbox 783 2037 817 2080; x_wconf 92' lang='lat' dir='ltr'><strong>ea</strong></span> <span class='ocrx_word' id='word_1_170' title='bbox 840 2021 905 2079; x_wconf 88' lang='lat' dir='ltr'><strong>trita</strong></span> <span class='ocrx_word' id='word_1_171' title='bbox 926 2020 1088 2081; x_wconf 86' lang='lat' dir='ltr'><strong>inlinantur.</strong></span> 
     </span>
     <span class='ocr_line' id='line_1_23' title="bbox 90 2101 1087 2182; baseline 0 -19"><span class='ocrx_word' id='word_1_172' title='bbox 90 2101 240 2177; x_wconf 85' lang='lat' dir='ltr'><strong>Polythrix</strong></span> <span class='ocrx_word' id='word_1_173' title='bbox 256 2101 341 2162; x_wconf 88' lang='lat' dir='ltr'><strong>distat</strong></span> <span class='ocrx_word' id='word_1_174' title='bbox 356 2121 372 2163; x_wconf 93' lang='lat' dir='ltr'><strong>a</strong></span> <span class='ocrx_word' id='word_1_175' title='bbox 390 2103 549 2164; x_wconf 81' lang='lat' dir='ltr'><strong>callitriche</strong></span> <span class='ocrx_word' id='word_1_176' title='bbox 564 2103 641 2182; x_wconf 87' lang='lat' dir='ltr'><strong>quod</strong></span> <span class='ocrx_word' id='word_1_177' title='bbox 656 2104 758 2163; x_wconf 90' lang='lat' dir='ltr'><strong>iuncos</strong></span> <span class='ocrx_word' id='word_1_178' title='bbox 773 2102 858 2163; x_wconf 90' lang='lat' dir='ltr'><strong>albos</strong></span> <span class='ocrx_word' id='word_1_179' title='bbox 874 2103 962 2163; x_wconf 86' lang='lat' dir='ltr'><strong>habet</strong></span> <span class='ocrx_word' id='word_1_180' title='bbox 975 2111 1004 2161; x_wconf 87' lang='lat' dir='ltr'><strong>et</strong></span> <span class='ocrx_word' id='word_1_181' title='bbox 1018 2102 1087 2163; x_wconf 90' lang='lat' dir='ltr'><strong>lolia</strong></span> 
     </span>
     <span class='ocr_line' id='line_1_24' title="bbox 90 2186 1089 2266; baseline 0.001 -21"><span class='ocrx_word' id='word_1_182' title='bbox 90 2186 172 2264; x_wconf 91' lang='lat' dir='ltr'><strong>plura</strong></span> <span class='ocrx_word' id='word_1_183' title='bbox 186 2186 364 2264; x_wconf 88' lang='lat' dir='ltr'><strong>maioraque.</strong></span> <span class='ocrx_word' id='word_1_184' title='bbox 398 2187 502 2248; x_wconf 83' lang='lat' dir='ltr'><strong>frutice</strong></span> <span class='ocrx_word' id='word_1_185' title='bbox 517 2205 634 2266; x_wconf 87' lang='lat' dir='ltr'><strong>quoque</strong></span> <span class='ocrx_word' id='word_1_186' title='bbox 647 2189 740 2246; x_wconf 92' lang='lat' dir='ltr'><strong>maior</strong></span> <span class='ocrx_word' id='word_1_187' title='bbox 756 2196 819 2264; x_wconf 86' lang='lat' dir='ltr'><strong>cst,</strong></span> <span class='ocrx_word' id='word_1_188' title='bbox 846 2186 1020 2247; x_wconf 85' lang='lat' dir='ltr'><strong>delluentem</strong></span> <span class='ocrx_word' id='word_1_189' title='bbox 1044 2205 1089 2246; x_wconf 90' lang='lat' dir='ltr'><strong>ca·</strong></span> 
     </span>
     <span class='ocr_line' id='line_1_25' title="bbox 91 2268 1134 2349; baseline 0.005 -20"><span class='ocrx_word' id='word_1_190' title='bbox 91 2268 189 2348; x_wconf 92' lang='lat' dir='ltr'><strong>pillum</strong></span> <span class='ocrx_word' id='word_1_191' title='bbox 206 2269 356 2329; x_wconf 89' lang='lat' dir='ltr'><strong>conlirmat</strong></span> <span class='ocrx_word' id='word_1_192' title='bbox 369 2278 400 2329; x_wconf 91' lang='lat' dir='ltr'><strong>et</strong></span> <span class='ocrx_word' id='word_1_193' title='bbox 414 2270 525 2332; x_wconf 87' lang='lat' dir='ltr'><strong>densat.</strong></span> <span class='ocrx_word' id='word_1_194' title='bbox 552 2270 634 2349; x_wconf 82' lang='grc'>(84.)</span> <span class='ocrx_word' id='word_1_195' title='bbox 653 2271 722 2330; x_wconf 90' lang='lat' dir='ltr'><strong>item</strong></span> <span class='ocrx_word' id='word_1_196' title='bbox 736 2271 881 2347; x_wconf 77' lang='lat' dir='ltr'><strong>lingulaca</strong></span> <span class='ocrx_word' id='word_1_197' title='bbox 893 2273 969 2329; x_wconf 88' lang='lat' dir='ltr'><strong>circa</strong></span> <span class='ocrx_word' id='word_1_198' title='bbox 982 2270 1070 2329; x_wconf 83' lang='lat' dir='ltr'><strong>fontis</strong></span> <span class='ocrx_word' id='word_1_199' title='bbox 1083 2280 1134 2334; x_wconf 78' lang='lat'><strong>133</strong></span> 
     </span>
     <span class='ocr_line' id='line_1_26' title="bbox 54 2352 1090 2431; baseline 0.006 -25"><span class='ocrx_word' id='word_1_200' title='bbox 54 2367 80 2406; x_wconf 78' lang='lat' dir='ltr'><strong>as</strong></span> <span class='ocrx_word' id='word_1_201' title='bbox 91 2370 226 2429; x_wconf 85' lang='lat' dir='ltr'><strong>nascens,</strong></span> <span class='ocrx_word' id='word_1_202' title='bbox 247 2354 327 2412; x_wconf 88' lang='lat' dir='ltr'><strong>cuius</strong></span> <span class='ocrx_word' id='word_1_203' title='bbox 343 2352 425 2414; x_wconf 83' lang='lat' dir='ltr'><strong>radix</strong></span> <span class='ocrx_word' id='word_1_204' title='bbox 439 2354 564 2414; x_wconf 83' lang='lat' dir='ltr'><strong>admixta</strong></span> <span class='ocrx_word' id='word_1_205' title='bbox 575 2352 723 2414; x_wconf 89' lang='lat' dir='ltr'><strong>combusta</strong></span> <span class='ocrx_word' id='word_1_206' title='bbox 737 2355 839 2414; x_wconf 89' lang='lat' dir='ltr'><strong>teritur</strong></span> <span class='ocrx_word' id='word_1_207' title='bbox 854 2370 916 2413; x_wconf 89' lang='lat' dir='ltr'><strong>cum</strong></span> <span class='ocrx_word' id='word_1_208' title='bbox 930 2353 1016 2431; x_wconf 86' lang='lat' dir='ltr'><strong>adipe</strong></span> <span class='ocrx_word' id='word_1_209' title='bbox 1031 2353 1090 2412; x_wconf 89' lang='lat' dir='ltr'><strong>suis</strong></span> 
     </span>
     <span class='ocr_line' id='line_1_27' title="bbox 90 2434 1091 2516; baseline -0.001 -21"><span class='ocrx_word' id='word_1_210' title='bbox 90 2438 201 2512; x_wconf 87' lang='lat' dir='ltr'><strong>nigrae.</strong></span> <span class='ocrx_word' id='word_1_211' title='bbox 234 2434 262 2494; x_wconf 95' lang='lat' dir='ltr'><strong>id</strong></span> <span class='ocrx_word' id='word_1_212' title='bbox 280 2453 401 2514; x_wconf 86' lang='lat' dir='ltr'><strong>quoque</strong></span> <span class='ocrx_word' id='word_1_213' title='bbox 414 2439 575 2516; x_wconf 83' lang='lat' dir='ltr'><strong>excipitur,</strong></span> <span class='ocrx_word' id='word_1_214' title='bbox 598 2445 629 2496; x_wconf 89' lang='lat' dir='ltr'><strong>ut</strong></span> <span class='ocrx_word' id='word_1_215' title='bbox 643 2438 705 2496; x_wconf 90' lang='lat' dir='ltr'><strong>eius</strong></span> <span class='ocrx_word' id='word_1_216' title='bbox 723 2437 759 2496; x_wconf 85' lang='lat' dir='ltr'><strong>sit</strong></span> <span class='ocrx_word' id='word_1_217' title='bbox 774 2438 833 2496; x_wconf 86' lang='lat' dir='ltr'><strong>suis</strong></span> <span class='ocrx_word' id='word_1_218' title='bbox 849 2448 924 2514; x_wconf 88' lang='lat' dir='ltr'><strong>quae</strong></span> <span class='ocrx_word' id='word_1_219' title='bbox 940 2442 1091 2512; x_wconf 81' lang='lat' dir='ltr'><strong>numquam</strong></span> 
     </span>
     <span class='ocr_line' id='line_1_28' title="bbox 90 2518 1090 2597; baseline -0.003 -18"><span class='ocrx_word' id='word_1_220' title='bbox 90 2521 214 2597; x_wconf 89' lang='lat' dir='ltr'><strong>peperit.</strong></span> <span class='ocrx_word' id='word_1_221' title='bbox 260 2518 305 2578; x_wconf 88' lang='lat' dir='ltr'><strong>sol</strong></span> <span class='ocrx_word' id='word_1_222' title='bbox 327 2519 431 2579; x_wconf 86' lang='lat' dir='ltr'><strong>deiude</strong></span> <span class='ocrx_word' id='word_1_223' title='bbox 448 2520 608 2597; x_wconf 87' lang='lat' dir='ltr'><strong>plurumum</strong></span> <span class='ocrx_word' id='word_1_224' title='bbox 624 2519 739 2578; x_wconf 87' lang='lat' dir='ltr'><strong>coolert</strong></span> <span class='ocrx_word' id='word_1_225' title='bbox 757 2518 866 2577; x_wconf 90' lang='lat' dir='ltr'><strong>inlitae.</strong></span> <span class='ocrx_word' id='word_1_226' title='bbox 899 2518 1000 2577; x_wconf 91' lang='lat' dir='ltr'><strong>similis</strong></span> <span class='ocrx_word' id='word_1_227' title='bbox 1022 2535 1090 2576; x_wconf 91' lang='lat' dir='ltr'><strong>usus</strong></span> 
     </span>
     <span class='ocr_line' id='line_1_29' title="bbox 89 2599 1098 2680; baseline -0.005 -18"><span class='ocrx_word' id='word_1_228' title='bbox 89 2612 135 2662; x_wconf 87' lang='lat' dir='ltr'><strong>est</strong></span> <span class='ocrx_word' id='word_1_229' title='bbox 150 2600 302 2675; x_wconf 76' lang='lat' dir='ltr'><strong>cyclamini</strong></span> <span class='ocrx_word' id='word_1_230' title='bbox 317 2601 431 2661; x_wconf 84' lang='lat' dir='ltr'><strong>radicis.</strong></span> <span class='ocrx_word' id='word_1_231' title='bbox 465 2603 643 2680; x_wconf 86' lang='lat' dir='ltr'><strong>porriginem</strong></span> <span class='ocrx_word' id='word_1_232' title='bbox 659 2603 766 2659; x_wconf 86' lang='lat' dir='ltr'><strong>veratri</strong></span> <span class='ocrx_word' id='word_1_233' title='bbox 782 2599 864 2660; x_wconf 87' lang='lat' dir='ltr'><strong>radix</strong></span> <span class='ocrx_word' id='word_1_234' title='bbox 878 2599 955 2660; x_wconf 90' lang='lat' dir='ltr'><strong>tollit</strong></span> <span class='ocrx_word' id='word_1_235' title='bbox 970 2600 999 2657; x_wconf 92' lang='lat' dir='ltr'><strong>in</strong></span> <span class='ocrx_word' id='word_1_236' title='bbox 1020 2599 1098 2658; x_wconf 90' lang='lat' dir='ltr'><strong>oleo·</strong></span> 
     </span>
     <span class='ocr_line' id='line_1_30' title="bbox 89 2681 1133 2762; baseline 0 -17"><span class='ocrx_word' id='word_1_237' title='bbox 89 2686 213 2746; x_wconf 88' lang='lat' dir='ltr'><strong>decocta</strong></span> <span class='ocrx_word' id='word_1_238' title='bbox 221 2682 269 2742; x_wconf 83' lang='lat' dir='ltr'><strong>vel</strong></span> <span class='ocrx_word' id='word_1_239' title='bbox 284 2685 312 2741; x_wconf 91' lang='lat' dir='ltr'><strong>iu</strong></span> <span class='ocrx_word' id='word_1_240' title='bbox 328 2701 411 2762; x_wconf 83' lang='lat' dir='ltr'><strong>aqua.</strong></span> <span class='ocrx_word' id='word_1_241' title='bbox 436 2683 547 2762; x_wconf 77' lang='lat' dir='ltr'><strong>Capitis</strong></span> <span class='ocrx_word' id='word_1_242' title='bbox 559 2683 653 2743; x_wconf 94' lang='lat' dir='ltr'><strong>dolori</strong></span> <span class='ocrx_word' id='word_1_243' title='bbox 667 2681 798 2743; x_wconf 82' lang='lat' dir='ltr'><strong>medetur</strong></span> <span class='ocrx_word' id='word_1_244' title='bbox 812 2684 932 2761; x_wconf 90' lang='lat' dir='ltr'><strong>panacis</strong></span> <span class='ocrx_word' id='word_1_245' title='bbox 946 2683 1070 2742; x_wconf 91' lang='lat' dir='ltr'><strong>omnium</strong></span> <span class='ocrx_word' id='word_1_246' title='bbox 1082 2694 1133 2748; x_wconf 74' lang='lat'><strong>134</strong></span> 
     </span>
     <span class='ocr_line' id='line_1_31' title="bbox 53 2764 1088 2847; baseline 0.002 -24"><span class='ocrx_word' id='word_1_247' title='bbox 53 2780 230 2847; x_wconf 75' lang='lat' dir='ltr'><strong>ragenerum</strong></span> <span class='ocrx_word' id='word_1_248' title='bbox 252 2765 333 2826; x_wconf 84' lang='lat' dir='ltr'><strong>radix</strong></span> <span class='ocrx_word' id='word_1_249' title='bbox 355 2769 383 2826; x_wconf 92' lang='lat' dir='ltr'><strong>iu</strong></span> <span class='ocrx_word' id='word_1_250' title='bbox 407 2767 474 2827; x_wconf 90' lang='lat' dir='ltr'><strong>olco</strong></span> <span class='ocrx_word' id='word_1_251' title='bbox 497 2767 636 2843; x_wconf 87' lang='lat' dir='ltr'><strong>contrita,</strong></span> <span class='ocrx_word' id='word_1_252' title='bbox 660 2764 864 2840; x_wconf 80' lang='lat' dir='ltr'><strong>aristolochia,</strong></span> <span class='ocrx_word' id='word_1_253' title='bbox 899 2766 988 2826; x_wconf 91' lang='lat' dir='ltr'><strong>iberis</strong></span> <span class='ocrx_word' id='word_1_254' title='bbox 1011 2765 1088 2826; x_wconf 89' lang='lat' dir='ltr'><strong>adal·</strong></span> 
     </span>
     <span class='ocr_line' id='line_1_32' title="bbox 90 2848 1089 2929; baseline -0.003 -17"><span class='ocrx_word' id='word_1_255' title='bbox 90 2853 180 2929; x_wconf 84' lang='lat' dir='ltr'><strong>ligata</strong></span> <span class='ocrx_word' id='word_1_256' title='bbox 207 2851 278 2911; x_wconf 89' lang='lat' dir='ltr'><strong>hora</strong></span> <span class='ocrx_word' id='word_1_257' title='bbox 308 2851 356 2911; x_wconf 89' lang='lat' dir='ltr'><strong>vel</strong></span> <span class='ocrx_word' id='word_1_258' title='bbox 381 2851 503 2927; x_wconf 88' lang='lat' dir='ltr'><strong>diutius,</strong></span> <span class='ocrx_word' id='word_1_259' title='bbox 536 2852 561 2911; x_wconf 88' lang='lat' dir='ltr'><strong>si</strong></span> <span class='ocrx_word' id='word_1_260' title='bbox 582 2852 641 2929; x_wconf 91' lang='lat' dir='ltr'><strong>pati</strong></span> <span class='ocrx_word' id='word_1_261' title='bbox 668 2850 776 2928; x_wconf 89' lang='lat' dir='ltr'><strong>possit,</strong></span> <span class='ocrx_word' id='word_1_262' title='bbox 806 2850 960 2909; x_wconf 85' lang='lat' dir='ltr'><strong>comitante</strong></span> <span class='ocrx_word' id='word_1_263' title='bbox 983 2848 1089 2909; x_wconf 91' lang='lat' dir='ltr'><strong>balinei</strong></span> 
     </span>
     <span class='ocr_line' id='line_1_33' title="bbox 90 2933 1088 3014; baseline -0.004 -19"><span class='ocrx_word' id='word_1_264' title='bbox 90 2954 153 2995; x_wconf 90' lang='lat' dir='ltr'><strong>usu.</strong></span> <span class='ocrx_word' id='word_1_265' title='bbox 191 2934 322 2995; x_wconf 87' lang='lat' dir='ltr'><strong>medetur</strong></span> <span class='ocrx_word' id='word_1_266' title='bbox 348 2944 378 2995; x_wconf 87' lang='lat' dir='ltr'><strong>et</strong></span> <span class='ocrx_word' id='word_1_267' title='bbox 400 2935 531 2996; x_wconf 88' lang='lat' dir='ltr'><strong>daucum.</strong></span> <span class='ocrx_word' id='word_1_268' title='bbox 570 2942 676 3014; x_wconf 86' lang='lat' dir='ltr'><strong>purgat</strong></span> <span class='ocrx_word' id='word_1_269' title='bbox 701 2942 796 2993; x_wconf 85' lang='lat' dir='ltr'><strong>aulem</strong></span> <span class='ocrx_word' id='word_1_270' title='bbox 822 2933 999 3008; x_wconf 78' lang='lat' dir='ltr'><strong>cyclaminos</strong></span> <span class='ocrx_word' id='word_1_271' title='bbox 1026 2950 1088 2992; x_wconf 89' lang='lat' dir='ltr'><strong>cum</strong></span> 
     </span>
     <span class='ocr_line' id='line_1_34' title="bbox 90 3013 1090 3095; baseline -0.002 -18"><span class='ocrx_word' id='word_1_272' title='bbox 90 3013 178 3078; x_wconf 86' lang='lat' dir='ltr'><strong>melle</strong></span> <span class='ocrx_word' id='word_1_273' title='bbox 195 3019 224 3077; x_wconf 92' lang='lat' dir='ltr'><strong>iu</strong></span> <span class='ocrx_word' id='word_1_274' title='bbox 238 3019 315 3078; x_wconf 88' lang='lat' dir='ltr'><strong>naris</strong></span> <span class='ocrx_word' id='word_1_275' title='bbox 329 3017 439 3094; x_wconf 88' lang='lat' dir='ltr'><strong>addita,</strong></span> <span class='ocrx_word' id='word_1_276' title='bbox 456 3029 485 3080; x_wconf 92' lang='lat' dir='ltr'><strong>et</strong></span> <span class='ocrx_word' id='word_1_277' title='bbox 500 3018 599 3078; x_wconf 90' lang='lat' dir='ltr'><strong>ulcera</strong></span> <span class='ocrx_word' id='word_1_278' title='bbox 616 3017 719 3095; x_wconf 85' lang='lat' dir='ltr'><strong>capitis</strong></span> <span class='ocrx_word' id='word_1_279' title='bbox 737 3025 819 3077; x_wconf 90' lang='lat' dir='ltr'><strong>sanat</strong></span> <span class='ocrx_word' id='word_1_280' title='bbox 841 3016 928 3077; x_wconf 85' lang='lat' dir='ltr'><strong>inlita.</strong></span> <span class='ocrx_word' id='word_1_281' title='bbox 960 3016 1090 3076; x_wconf 85' lang='lat' dir='ltr'><strong>medetur</strong></span> 
     </span>
     <span class='ocr_line' id='line_1_35' title="bbox 91 3104 483 3182; baseline -0.003 -20"><span class='ocrx_word' id='word_1_282' title='bbox 91 3111 119 3162; x_wconf 89' lang='lat' dir='ltr'><strong>et</strong></span> <span class='ocrx_word' id='word_1_283' title='bbox 135 3104 323 3182; x_wconf 90' lang='lat' dir='ltr'><strong>peristereos.</strong></span> <span class='ocrx_word' id='word_1_284' title='bbox 472 3152 483 3168; x_wconf 72' lang='lat'><strong><em>„</em></strong></span> 
     </span>
     <span class='ocr_line' id='line_1_36' title="bbox 55 3183 1133 3264; baseline -0.004 -16"><span class='ocrx_word' id='word_1_285' title='bbox 55 3192 81 3232; x_wconf 78' lang='lat'><strong>³⁵</strong></span> <span class='ocrx_word' id='word_1_286' title='bbox 157 3185 242 3264; x_wconf 82' lang='grc'>(85.)</span> <span class='ocrx_word' id='word_1_287' title='bbox 270 3183 387 3245; x_wconf 79' lang='lat' dir='ltr'><strong>cacalia</strong></span> <span class='ocrx_word' id='word_1_288' title='bbox 407 3187 470 3245; x_wconf 87' lang='lat' dir='ltr'><strong>sive</strong></span> <span class='ocrx_word' id='word_1_289' title='bbox 493 3185 621 3246; x_wconf 84' lang='lat' dir='ltr'><strong>leontice</strong></span> <span class='ocrx_word' id='word_1_290' title='bbox 642 3193 763 3244; x_wconf 88' lang='lat' dir='ltr'><strong>vocatur</strong></span> <span class='ocrx_word' id='word_1_291' title='bbox 784 3201 882 3243; x_wconf 87' lang='lat' dir='ltr'><strong>semen</strong></span> <span class='ocrx_word' id='word_1_292' title='bbox 907 3183 1070 3259; x_wconf 86' lang='lat' dir='ltr'><strong>margaritis</strong></span> <span class='ocrx_word' id='word_1_293' title='bbox 1082 3191 1133 3244; x_wconf 80' lang='lat'><strong>135</strong></span> 
     </span>
     <span class='ocr_line' id='line_1_37' title="bbox 90 3264 1089 3347; baseline -0.009 -18"><span class='ocrx_word' id='word_1_294' title='bbox 90 3271 204 3329; x_wconf 91' lang='lat' dir='ltr'><strong>minutis</strong></span> <span class='ocrx_word' id='word_1_295' title='bbox 220 3268 312 3328; x_wconf 90' lang='lat' dir='ltr'><strong>simile</strong></span> <span class='ocrx_word' id='word_1_296' title='bbox 325 3267 494 3347; x_wconf 88' lang='lat' dir='ltr'><strong>dependens</strong></span> <span class='ocrx_word' id='word_1_297' title='bbox 507 3266 659 3329; x_wconf 87' lang='lat' dir='ltr'><strong>iuteriolia</strong></span> <span class='ocrx_word' id='word_1_298' title='bbox 670 3264 803 3344; x_wconf 88' lang='lat' dir='ltr'><strong>grandia,</strong></span> <span class='ocrx_word' id='word_1_299' title='bbox 818 3269 847 3327; x_wconf 85' lang='lat' dir='ltr'><strong>iu</strong></span> <span class='ocrx_word' id='word_1_300' title='bbox 859 3264 1003 3327; x_wconf 86' lang='lat' dir='ltr'><strong>montibus</strong></span> <span class='ocrx_word' id='word_1_301' title='bbox 1014 3265 1089 3325; x_wconf 85' lang='lat' dir='ltr'><strong>iore.</strong></span> 
     </span>
    </p>
   </div>
   <div class='ocr_carea' id='block_1_3' title="bbox 90 3347 1090 3513">
    <p class='ocr_par' dir='ltr' id='par_1_3' title="bbox 90 3347 1090 3513">
     <span class='ocr_line' id='line_1_38' title="bbox 90 3347 1090 3431; baseline -0.006 -21"><span class='ocrx_word' id='word_1_302' title='bbox 90 3351 172 3411; x_wconf 90' lang='lat' dir='ltr'><strong>huius</strong></span> <span class='ocrx_word' id='word_1_303' title='bbox 190 3370 280 3429; x_wconf 84' lang='lat' dir='ltr'><strong>grana</strong></span> <span class='ocrx_word' id='word_1_304' title='bbox 296 3351 460 3431; x_wconf 88' lang='lat' dir='ltr'><strong>quindecim</strong></span> <span class='ocrx_word' id='word_1_305' title='bbox 477 3352 505 3410; x_wconf 89' lang='lat' dir='ltr'><strong>in</strong></span> <span class='ocrx_word' id='word_1_306' title='bbox 520 3351 588 3411; x_wconf 90' lang='lat' dir='ltr'><strong>oleo</strong></span> <span class='ocrx_word' id='word_1_307' title='bbox 603 3358 784 3410; x_wconf 83' lang='lat' dir='ltr'><strong>macerantur</strong></span> <span class='ocrx_word' id='word_1_308' title='bbox 799 3358 887 3427; x_wconf 87' lang='lat' dir='ltr'><strong>atque</strong></span> <span class='ocrx_word' id='word_1_309' title='bbox 908 3351 947 3408; x_wconf 87' lang='lat' dir='ltr'><strong>ita</strong></span> <span class='ocrx_word' id='word_1_310' title='bbox 964 3347 1090 3408; x_wconf 81' lang='lat' dir='ltr'><strong>adr&#39;crso</strong></span> 
     </span>
     <span class='ocr_line' id='line_1_39' title="bbox 91 3434 457 3513; baseline 0.003 -19"><span class='ocrx_word' id='word_1_311' title='bbox 91 3434 300 3513; x_wconf 86' lang='lat' dir='ltr'><strong>capillo-caput</strong></span> <span class='ocrx_word' id='word_1_312' title='bbox 315 3436 457 3513; x_wconf 87' lang='lat' dir='ltr'><strong>unguitur.</strong></span> 
     </span>
    </p>
   </div>
   <div class='ocr_carea' id='block_1_4' title="bbox 0 0 1204 3840">
    <p class='ocr_par' dir='ltr' id='par_1_4' title="bbox 0 0 1204 3840">
     <span class='ocr_line' id='line_1_40' title="bbox 0 0 1204 3840; baseline 0 0"><span class='ocrx_word' id='word_1_313' title='bbox 0 0 1204 3840; x_wconf 95' lang='lat' dir='ltr'><strong> </strong></span> 
     </span>
    </p>
   </div>
  </div>
 </body>
</html>
