2400 3840
303 235 382 281 nnn.
398 232 488 280 mer.
505 232 616 279 xxxn.
637 231 663 281 e.
681 222 872 292 e.(1a-al.)
1027 218 1087 280 295

90 389 238 449 adversari
255 385 438 466 serpentibus
454 403 537 464 quarn
557 400 691 459 cancros,
709 401 776 442 sues
793 400 947 460 percussas
965 383 1023 443 hoe
1040 402 1088 463 pa·

92 473 159 532 bulo
175 471 230 531 sibi
244 471 363 529 mederi.
394 487 458 529 cum
473 470 520 528 sol
536 471 572 528 sit
588 470 616 526 in
638 484 762 543 cancro,
786 468 930 544 serpentis
948 468 1088 545 torqueri.

90 554 196 615 lctibus
215 556 400 631 scorpionum
413 570 516 612 carues
532 560 561 611 et
575 550 751 611 fluviatilium
769 549 933 608 coclearum
951 552 1088 609 resistunt
1096 559 1131 614 56

91 637 197 698 crudae
212 637 259 696 vel
272 646 384 696 coctae.
408 635 520 714 quidam
534 635 571 694 eb
587 635 615 694 id
628 634 721 694 salsas
732 650 849 711 qnoque
861 633 1024 692 adservant.
1048 634 1089 690 iu-

67 729 199 800 epenuut
211 729 240 779 et
251 720 347 798 plagis
358 721 439 798 ipsis.
463 718 597 780 Uerucini
611 719 709 797 pisces
719 717 786 776 Nile
798 715 912 794 quidem
925 716 1089 794 peculiares

91 813 166 879 suut,
182 803 234 863 scd
252 820 306 862 nos
321 803 395 862 haec
411 801 541 862 omnibus
557 802 642 861 terris
658 801 894 860 demonstramus.
919 817 1021 858 carues
1038 816 1087 859 ee·

90 906 152 947 rum
173 887 313 946 adversus
330 887 504 965 scorpiones
525 884 623 945 valent
643 885 797 962 inpositae.
824 882 901 942 luter
916 900 1028 942 venena
1046 884 1088 960 pi·

91 973 181 1030 scium
199 979 263 1028 sunt
284 972 368 1048 perci
383 973 482 1030 marini
498 970 599 1046 spinae
617 969 645 1026 in
661 968 749 1027 derso
765 970 895 1027 cruciatu
909 983 1013 1042 magne
1030 966 1087 1024 lae-

91 1071 197 1127 sorum,
212 1053 342 1112 remedie
358 1063 404 1113 est
419 1053 501 1111 limus
518 1070 554 1111 ex
569 1051 683 1129 reliquo
698 1052 819 1128 piscium
834 1067 933 1110 cerum
950 1067 1087 1128 corpore.

56 1151 81 1191 re
154 1135 236 1214 (20.)
258 1135 345 1195 Canis
366 1134 456 1195 rabidi
477 1132 621 1194 morsibus
641 1143 739 1211 potum
764 1133 1027 1213 expavescentibus
1044 1133 1129 1196 lael

92 1222 164 1278 ciem
180 1227 343 1294 perungunt
357 1218 442 1296 adipe
459 1218 540 1277 vituli
554 1218 653 1276 marini
655 1216 839 1292 ‚efficacium
858 1218 882 1276 si
898 1216 1023 1277 medulla
1038 1218 1087 1291 hy·

90 1317 181 1361 aenae
199 1307 228 1357 et
245 1300 339 1359 oleum
352 1319 368 1359 e
380 1300 504 1361 lentisco
517 1308 546 1359 et
559 1317 625 1360 cera
638 1301 800 1358 misceatur.
823 1317 959 1358 murenae
975 1316 1088 1358 morsus

90 1386 215 1462 ipsarum
231 1384 333 1460 capitis
355 1385 453 1443 cinere
479 1392 623 1443 sanantur.
656 1380 693 1440 Et
713 1382 861 1460 pastinaca
883 1391 984 1441 contra
1008 1393 1131 1446 saumas

91 1468 177 1525 ictum
188 1465 317 1525 remedio
333 1476 378 1525 est
394 1469 493 1527 cinere
509 1485 562 1526 sue
578 1485 615 1526 cx
631 1474 714 1525 aceto
727 1464 807 1524 inlito
818 1464 867 1523 vel
884 1464 1011 1523 alterius.
1032 1465 1088 1524 cibi

57 1567 178 1609 recausa
196 1547 308 1607 extrahi
329 1549 417 1609 debet
438 1550 559 1610 ederso
582 1551 644 1609 cius
663 1547 801 1625 quidquid
823 1564 912 1608 crece
930 1547 1023 1607 simile
1044 1555 1088 1606 est

92 1640 234 1710 caputque
249 1640 346 1709 tetum,
363 1643 392 1692 ct
405 1634 480 1693 hanc
491 1641 583 1693 autem
600 1640 630 1692 et
642 1633 735 1690 omnia
750 1639 879 1691 testacea
894 1631 1008 1691 medice
1020 1647 1087 1690 eon·

91 1716 131 1775 lui
146 1716 175 1773 in
191 1713 272 1791 cibis,
289 1717 355 1793 quia
370 1717 485 1794 saporis
500 1718 592 1793 gratia
608 1717 692 1794 perit.
717 1714 741 1774 ll
758 1714 861 1793 lepore
877 1717 987 1774 marine
1000 1732 1087 1773 vene·

91 1799 185 1859 licium
200 1799 362 1876 restingunt
379 1801 439 1878 peti
457 1799 651 1877 hippocampi.
683 1807 782 1858 centra
804 1798 973 1873 dorycnium
994 1797 1088 1857 echini

89 1899 220 1941 maxume
237 1891 367 1959 presunt,
387 1892 416 1942 et
429 1885 464 1942 iis
476 1885 523 1959 qui
540 1900 639 1942 sucum
652 1881 780 1959 carpathi
792 1881 915 1941 biberint
928 1883 1087 1960 praecipue

56 1983 108 2024 ree
123 1967 184 2023 iure
202 1967 315 2042 sumpti.
340 1974 368 2024 et
384 1967 480 2025 cancri
498 1967 597 2025 marini
614 1965 729 2023 decocti
745 1966 789 2022 ius
805 1974 905 2025 contra
916 1966 1087 2062 dorycnium

91 2047 197 2106 clheax
206 2046 337 2122 habetur,
345 2048 531 2124 peculiariter
544 2063 613 2106 vero
622 2055 721 2106 contra
730 2046 842 2125 leporis
853 2048 952 2106 marini
964 2064 1086 2106 venena.

152 2130 181 2190 6
204 2130 311 2210 (21.)
308 2129 345 2189 llt
363 2140 460 2191 ostrea
482 2129 667 2189 adversantur
683 2130 789 2203 isdem,
808 2148 863 2190 nec
882 2138 978 2208 petest
995 2129 1130 2195 vrdcr159

91 2215 162 2272 satis
174 2212 279 2271 dictum
296 2232 363 2273 esse
377 2214 414 2273 de
431 2214 485 2289 his,
504 2231 565 2273 oum
577 2213 671 2311 palma
683 2231 844 2273 mensarum
858 2213 923 2274 diu
916 2231 969 2273 ram
982 2213 1086 2272 tribua·

90 2305 136 2355 tur
146 2295 213 2354 illis.
235 2298 361 2373 gaudent
376 2297 507 2357 dulcibus
518 2298 600 2375 aquis
613 2305 641 2355 ct
651 2297 700 2355 ubi
713 2297 834 2374 plurumi
848 2298 965 2358 inlluunt
976 2316 1086 2374 amnes,

55 2395 81 2434 re
91 2378 158 2438 ideo
175 2379 291 2457 pelagia
308 2399 396 2459 parva
412 2389 441 2440 et
452 2398 518 2439 rara
532 2389 606 2439 suut.
627 2381 781 2455 gignuntur
796 2390 890 2440 tamen
906 2382 975 2441 etin
989 2391 1085 2460 petro·

91 2464 130 2521 sis
147 2460 368 2540 carentibusque
383 2480 519 2541 aquarum
533 2462 656 2521 dulcium
672 2462 811 2536 adventu,
831 2466 904 2523 sicut
922 2465 999 2523 circa
1015 2463 1085 2538 Gry·

90 2547 165 2604 nium
190 2553 219 2603 et
237 2545 385 2618 Myrinam.
416 2544 612 2620 grandescunt
635 2543 739 2603 sideris
762 2546 876 2623 quidem
896 2547 1008 2605 ratione
1028 2563 1085 2605 ma·

90 2644 192 2702 xume,
214 2628 288 2685 utin
308 2636 407 2687 nutura
423 2627 586 2703 aquatilium
602 2626 738 2703 diximus,
764 2629 817 2687 sed
835 2629 967 2706 privatim
982 2629 1127 2688 circaeon

90 2710 167 2768 initia
184 2711 302 2768 aestatis
316 2710 404 2769 multe
422 2709 498 2768 lactc
510 2709 679 2786 praegnatia
692 2718 777 2788 atque
790 2709 837 2770 ubi
853 2710 896 2770 sel
913 2719 1044 2788 penetret
1057 2712 1085 2769 iu

56 2790 173 2851 eevada.
203 2792 278 2851 haec
298 2791 411 2852 videtur
433 2808 520 2851 causa
539 2809 628 2870 quare
648 2792 757 2852 minora
773 2795 801 2852 iu
818 2793 876 2852 alto
891 2795 1081 2870 reperiantur,
1093 2803 1128 2857 60

90 2876 221 2955 opacitas
234 2875 350 2935 cohibet
360 2877 564 2936 incrementum
578 2884 607 2934 et
618 2875 731 2935 tristitia
740 2877 833 2935 miuus
845 2877 981 2954 adpetunt
994 2876 1084 2937 cibes.

89 2960 235 3018 variantur
250 2959 413 3036 celeribus,
435 2959 497 3019 ruia
511 2959 684 3036 Hispaniae,
704 2959 787 3020 fusca
802 2959 937 3034 Illyrico,
960 2961 1040 3036 nigra
1056 2968 1085 3020 et

90 3059 177 3102 carne
191 3051 220 3102 et
231 3051 305 3103 testa
315 3041 438 3120 Circeis,
455 3044 611 3121 praecipua
626 3060 698 3102 vere
710 3042 852 3103 habentur
863 3047 891 3103 in
905 3060 1083 3122 quacumque

89 3135 178 3202 gente
194 3127 289 3203 spissa
303 3143 358 3185 nee
373 3127 465 3186 saliva
483 3144 533 3185 sua
548 3125 673 3202 lubrica,
694 3126 882 3187 crassitudine
901 3128 995 3204 potius
1017 3144 1082 3204 spe-

54 3209 191 3269 sectanda
205 3225 288 3286 quam
302 3208 458 3284 latitudine,
475 3226 569 3286 neque
585 3210 613 3267 in
627 3210 728 3270 lutosis
746 3220 829 3288 capta
844 3227 939 3288 neque
955 3211 983 3268 iu
1000 3208 1082 3268 here·

89 3294 169 3351 nosis
181 3293 234 3352 sed
246 3290 341 3351 selide
354 3292 437 3368 vade,
455 3291 599 3368 spondylo
615 3291 698 3352 brevi
709 3302 794 3370 atque
809 3310 867 3351 uon
882 3309 1015 3368 carnoso,
1027 3310 1083 3350 nec

90 3374 170 3433 libris
185 3374 325 3435 laciniosa
343 3393 378 3435 ac
398 3384 457 3435 totu
475 3375 504 3432 in
525 3375 601 3434 alvo.
625 3374 729 3435 addunt
744 3378 898 3454 peritiores
913 3383 1007 3434 uotam
1023 3391 1080 3433 am·
1091 3387 1122 3441 61

90 3454 186 3516 bieute
202 3476 348 3536 purpureo
367 3459 447 3518 crine
462 3457 565 3535 libras,
582 3475 676 3536 eoque
691 3469 860 3535 argumento
881 3474 1025 3536 generosa
1042 3460 1081 3515 iu-
