2400 3840
131 173 191 234 192
475 183 505 228 c.
522 183 618 229 annu
632 181 782 228 saccum

87 349 137 403 196
203 338 250 399 13.
274 337 356 416 (54.)
380 336 561 395 Stomachum
587 334 782 393 exulceratum
810 334 892 392 lactis
911 332 1016 390 asinini
1036 340 1126 409 potus

128 422 233 497 reficit,
249 423 315 480 item
330 419 438 495 bubuli,
461 422 593 478 rosiones
610 420 673 476 eius
688 435 756 476 caro
772 416 876 475 bubula
894 414 1020 474 admixto
1037 423 1125 474 aceto

128 514 158 564 et
172 507 239 563 vino
255 513 356 577 cocta,
376 503 597 561 rheumatismos
614 518 718 560 cornus
735 501 844 559 cervini
859 499 949 573 cinis,
972 499 1125 574 sanguinis

130 588 349 647 exscreationes
366 585 504 644 haedinus
520 603 624 643 recens
636 583 671 641 ad
693 583 814 658 cyathos
829 592 928 641 ternos
951 598 1014 639 cum
1038 590 1125 640 aceto

131 673 190 730 acri
215 668 383 748 parimodo
414 668 532 726 fervens
555 677 656 746 potus,
688 666 838 742 coagulum
867 665 951 723 tertia
975 672 1059 741 parte
1087 682 1147 723 eas

91 764 140 819 197
153 763 237 814 aceto
261 761 369 831 potum.
405 750 488 827 (55.)
519 751 655 809 iocineris
679 749 797 809 dolores
821 749 881 825 lupi
907 750 989 805 iocur
1015 747 1125 806 aridum

130 856 167 897 ex
182 836 290 910 mulso,
320 835 391 892 asini
418 836 500 892 iocur
516 833 622 892 aridum
639 851 701 891 cum
720 832 890 910 petroselini
906 828 1039 908 partibus
1056 829 1124 889 dua-

128 920 181 978 bus
203 927 232 977 et
252 918 372 975 nucibus
398 917 487 975 tribus
512 935 548 974 ex
570 917 656 974 melle
679 919 773 976 tritum
797 924 825 973 et
843 917 870 972 in
886 911 952 971 cibo
967 922 1123 990 sumptum,

129 1003 245 1077 sanguis
262 1000 386 1059 hircinus
402 999 467 1057 cibo
483 1008 605 1076 aptatus.
636 1000 803 1076 suspiriosis
818 1005 884 1057 ante
900 997 994 1055 omnia
1017 997 1125 1056 efficax

130 1093 175 1144 cst
193 1092 278 1161 potus
297 1083 491 1158 equiferorum
508 1085 670 1159 sanguinis,
689 1099 827 1158 proxumo
846 1081 928 1140 lactis
953 1078 1056 1138 asinini
1082 1089 1122 1139 te·
1132 1097 1154 1138 ιι

129 1166 199 1245 pidi‚
215 1165 311 1224 bubuli
327 1165 443 1225 decocti
459 1169 496 1226 ita
514 1176 543 1225 nt
561 1183 655 1225 serum
668 1183 706 1223 ex
722 1182 758 1223 eo
775 1164 896 1238 bibatur,
913 1161 1008 1221 addito
1026 1165 1056 1222 in
1074 1163 1125 1222 tris

128 1250 256 1309 heminas
273 1249 376 1323 cyatho
392 1251 511 1309 nasturti
524 1250 634 1326 perfusi
649 1266 732 1325 aqua,
749 1248 814 1307 dein
830 1246 919 1305 melle
930 1244 1021 1304 diluti.
1044 1247 1125 1306 iocur

130 1350 245 1411 quoque
262 1333 409 1410 volpinum
426 1343 473 1392 aut
488 1333 585 1411 pulmo
600 1333 628 1390 iu
645 1334 712 1391 vino
729 1333 813 1407 nigro
834 1339 881 1388 aut
895 1328 937 1387 iel
952 1331 1081 1388 ursinum
1097 1331 1124 1388 io

129 1436 202 1495 aqua
220 1417 298 1476 laxat
314 1426 424 1476 meatus
440 1417 577 1494 spirandi.

88 1512 138 1565 198
202 1499 285 1576 (56.)
308 1499 603 1559 Lumborumdolores
615 1507 849 1574 etquaecumque
862 1495 917 1554 alia
931 1493 1036 1553 molliri
1050 1512 1124 1572 opus
1135 1510 1153 1549 u

130 1586 165 1642 sit
181 1583 279 1641 ursino
299 1582 383 1659 adipe
407 1583 506 1641 fricari
530 1583 680 1657 conuenit,
703 1583 828 1639 cinerem
852 1580 953 1656 apruni
978 1586 1026 1637 aut
1047 1578 1124 1637 suilli

131 1667 186 1723 fimi
208 1665 357 1723 inveterati
381 1665 518 1740 adspergi
542 1666 650 1740 potioni
676 1666 744 1722 vini.
776 1662 918 1721 Adierunt
933 1670 962 1720 et
976 1661 1057 1736 Magi
1072 1678 1124 1720 sua

132 1755 306 1807 commenta:
334 1749 453 1823 primum
476 1749 598 1805 omnium
614 1747 721 1806 rabiem
739 1747 899 1820 hircorum,
926 1747 950 1802 si
964 1744 1124 1804 mulceatur

131 1829 237 1904 barba,
261 1830 401 1906 mitigari,
425 1829 525 1888 eadem
547 1832 678 1907 praecisa
704 1847 760 1888 non
783 1829 863 1888 abire
885 1845 937 1887 eos
954 1829 983 1886 in
1000 1827 1124 1887 alienum

129 1931 260 1991 gregem.
293 1912 358 1971 huic
381 1913 536 1972 admiscent
552 1915 644 1973 limum
663 1915 808 1990 caprinum
825 1920 854 1970 et
868 1910 982 1970 subdito
1002 1910 1156 1971 linteolom

131 2007 217 2056 uucto
231 2015 301 2056 cava
313 2015 395 2056 manu
410 2007 542 2074 quantum
556 1999 614 2074 pati
628 1999 721 2076 possit
734 1997 851 2055 fervens
865 1997 1008 2054 sustinere
1024 1992 1125 2054 iubent

130 2083 167 2139 ita
186 2089 231 2153 ut,
249 2082 272 2138 si
289 2081 371 2139 laeva
389 2098 456 2158 pars
473 2080 586 2156 doleat,
610 2080 684 2139 haec
707 2079 846 2139 medicina
866 2081 895 2136 in
916 2078 1019 2137 dextra
1041 2094 1125 2138 mann

89 2174 138 2227 199
149 2164 197 2221 liat
214 2170 260 2220 aut
276 2181 291 2220 e
308 2165 461 2221 contrario.
480 2164 572 2221 limum
585 2179 700 2240 quoque
714 2162 749 2221 ad
764 2179 826 2220 eum
838 2180 918 2219 usum
931 2178 1001 2220 acus
1018 2178 1124 2221 aereae

132 2253 236 2321 punctu
250 2244 312 2302 tolli
327 2244 435 2302 iubent.
458 2244 560 2303 modus
573 2255 618 2304 est
633 2247 786 2303 curationis
794 2245 887 2304 donec
899 2261 991 2322 vapor
1004 2243 1040 2303 ad
1054 2243 1124 2303 lum·

130 2327 185 2385 bos
204 2328 372 2403 pervenisse
389 2329 535 2406 sentiatur,
553 2337 656 2407 postea
670 2346 779 2388 manum
794 2345 882 2406 porro
894 2336 977 2387 tunso
990 2327 1156 2405 inlinuntae

131 2412 197 2469 item
213 2410 325 2469 lumbos
345 2413 409 2488 ipso
428 2412 493 2471 fimo
512 2431 573 2471 cum
590 2412 691 2487 melle,
716 2412 893 2488 suadentque
914 2412 941 2468 in
964 2426 1000 2470 eo
1019 2410 1125 2471 dolore

60 2534 63 2540 ·
131 2504 160 2553 et
175 2495 258 2553 testis
276 2495 385 2572 leporis
403 2495 554 2555 devorare.
585 2496 750 2556 ischiadicis
770 2497 863 2554 limum
884 2493 1020 2553 bubulum
1040 2497 1124 2572 inpo-

130 2586 199 2636 nunt
215 2578 385 2638 calefactum
405 2582 432 2638 in
456 2580 534 2638 loliis
557 2581 653 2638 cinere
674 2579 813 2655 feruenti,
836 2580 865 2636 in
887 2578 996 2636 renium
1022 2577 1125 2637 dolore

130 2661 239 2737 leporis
254 2665 331 2720 renis
348 2663 451 2722 crudos
465 2662 598 2722 devorari
621 2662 734 2738 iubent,
751 2671 799 2721 aut
814 2670 894 2721 certe
911 2669 1013 2720 coctos
1029 2661 1068 2720 ita
1089 2679 1125 2720 nc

130 2743 215 2800 deute
239 2746 445 2822 contingantur.
474 2747 582 2804 ventris
603 2745 715 2822 quidem
736 2745 838 2805 dolore
860 2743 993 2822 temptari
1016 2752 1155 2821 negantes

132 2824 218 2883 talum
237 2825 347 2902 leporis
361 2828 503 2886 habentis.

88 2919 140 2971 200
205 2906 287 2986 (57.)
311 2908 426 2968 Lienem
449 2909 529 2969 sedat
549 2911 589 2969 iel
613 2913 675 2989 apri
690 2911 738 2970 vel
754 2912 813 2971 suis
831 2919 928 2988 potum
949 2910 998 2969 vel
1014 2911 1125 2970 cervini

132 3006 236 3049 cornus
259 2991 330 3049 cinis
352 2993 379 3049 in
403 3001 505 3066 aceto,
530 2994 731 3053 efficacissime
753 3003 848 3054 tamen
864 2996 1042 3053 inveteratus
1066 2994 1125 3054 lien

131 3075 201 3133 asini
225 3074 263 3133 ita
287 3084 317 3133 ut
340 3077 367 3133 in
389 3075 482 3134 triduo
508 3080 644 3137 sentiatur
660 3078 777 3137 utilitas.
816 3079 917 3137 asinini
939 3077 1009 3155 pulli
1029 3078 1125 3137 dmum

131 3157 208 3235 quod
224 3159 343 3236 primum
360 3157 447 3217 edidit
460 3191 503 3204 —
516 3161 631 3238 poleam
646 3170 751 3221 vocant
769 3161 833 3235 Syri
850 3192 893 3206 -
911 3160 978 3219 dant
992 3161 1021 3218 in
1037 3170 1157 3220 acetosa

130 3240 239 3316 mulso,
264 3242 345 3302 datur
367 3243 434 3319 equi
454 3241 549 3319 lingua
571 3246 728 3304 inveterata
757 3263 795 3303 ex
821 3246 887 3303 vino
909 3253 1142 3320 praesentaneo·

132 3325 356 3402 medicamento,
372 3335 401 3384 nt
416 3325 551 3386 didicisse
567 3346 598 3385 se
617 3346 654 3386 ex
671 3327 800 3387 barbaris
819 3325 963 3386 Caecilius
978 3325 1052 3385 Bion
1067 3335 1125 3385 tra·

132 3406 218 3483 didit,
243 3418 272 3468 et
294 3410 351 3469 lien
372 3408 495 3469 bubulus
510 3410 592 3470 simili
609 3409 713 3486 modo,
738 3428 842 3469 recens
864 3419 958 3469 antem
974 3427 1059 3470 assus
1076 3409 1127 3469 vel
