2400 3840
160 190 222 253 226
473 199 505 248 c.
528 200 625 247 rutxr
647 197 797 247 suessos

161 359 207 420 rel
220 377 322 419 uocum
338 359 376 417 ita
388 364 418 415 ut
434 356 472 415 sit
486 355 570 415 tertia
586 372 654 432 pars
668 356 764 432 portio
779 355 926 430 etruscis,
941 354 991 414 alii
1005 354 1085 415 lacte
1098 372 1154 414 mu·

159 445 261 503 lierum
284 461 348 502 cour
371 440 501 500 brassica
523 441 652 499 cinerem
673 456 837 497 muscarum
858 436 1012 516 subigant,
1043 438 1154 518 quidam

159 527 247 587 melle
264 537 380 586 tantum.
395 559 437 569 -
452 523 559 583 nullum
575 522 678 582 animal
699 522 796 582 docile
810 524 904 582 minus
915 524 1096 582 existimatur
1107 522 1154 581 mi·

159 614 277 671 norisve
291 609 466 670 intellectos.
497 625 535 666 eo
547 606 706 666 mirabilius
726 616 772 666 est
788 606 940 685 Olympiae
961 624 1049 667 sacro
1064 614 1153 665 certa·

158 698 234 756 mine
249 696 332 755 nubis
348 711 446 753 earum
461 691 599 750 inmolato
613 701 697 750 tauro
717 691 776 752 deo
793 709 877 770 quem
891 690 1031 766 lyiodeu
1051 696 1172 751 vocasti

119 789 167 844 lot
179 790 262 840 extra
280 778 455 839 territorium
471 775 499 834 id
513 776 604 834 abire,
618 808 662 821 —-
681 775 834 853 alopecias
849 776 922 834 cinis
937 793 955 834 e
971 776 1094 833 murium
1110 789 1153 833 ca

160 863 265 941 pitibus
280 862 438 937 caudisque
449 869 478 918 et
494 860 582 920 totius
594 861 684 919 mods
697 859 839 935 emendat,
853 859 1015 937 praecipue
1029 858 1055 917 si
1068 872 1153 917 vene·

158 948 225 1007 ticio
241 945 380 1005 acciderit
396 944 468 1003 baec
486 945 598 1021 iniuria,
611 946 679 1003 item
694 944 821 1003 irenacei
837 945 910 1002 cinis
926 960 991 1002 cum
1004 941 1095 1001 melle
1109 945 1154 999 sat

159 1033 270 1090 corium
298 1027 476 1088 combustum
499 1046 564 1086 cum
590 1030 657 1106 pice
687 1027 804 1106 liquida.
841 1035 928 1107 caput
954 1025 1071 1105 quidem
1093 1025 1152 1084 eius

159 1121 253 1172 ustum
267 1130 321 1190 per
336 1131 368 1172 se
381 1112 466 1171 etiam
478 1112 663 1172 cicatricibus
676 1111 752 1190 pilos
766 1111 869 1172 reddit.
897 1110 1050 1189 alopecias
1063 1116 1179 1169 aomo

159 1197 187 1255 in
202 1215 238 1257 ea
253 1198 402 1256 curatione
418 1198 585 1275 praeparari
601 1205 719 1274 oportet
735 1195 877 1256 novacula
903 1202 933 1254 et
954 1194 1060 1273 sinapi.
1096 1191 1153 1271 qui·

158 1279 224 1340 dam
247 1299 285 1340 ex
312 1290 396 1341 aceto
424 1281 463 1340 uti
487 1280 656 1343 maluerunt.
697 1298 772 1357 quae
800 1280 838 1340 de
865 1280 1003 1338 irenaceo
1027 1277 1154 1337 dicentur

118 1375 170 1430 108
182 1367 276 1425 omnia
293 1374 373 1425 tanto
394 1365 486 1441 magis
507 1364 644 1424 valebunt
663 1364 692 1422 in
714 1363 852 1438 hystrice.
882 1362 1025 1422 Lacertae
1042 1374 1154 1440 qnoque

122 1470 146 1505 ss
158 1459 188 1509 ut
202 1449 351 1509 docuimus
368 1449 537 1509 combustae
555 1465 619 1508 cum
630 1447 730 1508 radice
745 1448 873 1507 recentis
886 1444 1067 1523 harundinis,
1083 1458 1153 1522 quae

159 1542 190 1593 ot
206 1550 261 1593 una
277 1536 398 1597 cremari
412 1535 516 1609 possit,
533 1533 661 1591 minutim
677 1530 809 1591 lindenda
828 1540 890 1605 est,
906 1530 945 1589 ita
959 1537 1076 1604 myrteo
1089 1527 1180 1587 oleon

159 1617 321 1696 permixtae
341 1617 456 1674 cineres
471 1616 643 1693 capillorum
664 1614 788 1675 defluvia
810 1617 966 1674 continent.
1007 1612 1154 1672 ellicscius

160 1697 267 1757 virides
284 1698 413 1757 lacertae
428 1700 523 1758 omnia
538 1698 639 1758 eadem
654 1707 811 1777 praestant,
829 1701 983 1759 etiamnum
996 1696 1096 1756 utilius
1110 1690 1154 1755 ad

160 1783 249 1840 rnirto
268 1780 331 1840 sale
347 1790 377 1839 et
393 1781 479 1859 adipe
497 1782 593 1841 ursino
613 1792 641 1842 et
657 1801 730 1860 cepa
752 1791 845 1843 tunsa.
879 1780 993 1860 quidam
1009 1779 1102 1840 denas
1115 1777 1153 1835 vi·

159 1864 229 1925 ridis
238 1864 273 1928 >in
292 1864 394 1924 decem
404 1865 539 1924 sextariis
551 1865 610 1925 olei
624 1868 732 1926 ueteris
749 1865 911 1939 discocunt,
925 1865 1056 1924 conteuti
1069 1857 1156 1923 semel

120 1960 170 2015 109
181 1951 209 2008 in
224 1965 323 2007 mense
338 1966 478 2025 unguere.
509 1949 630 2010 Pellium
646 1951 840 2028 viperinarum
855 1950 927 2009 cinis
942 1947 1097 2026 alopecias
1110 1957 1184 2005 cett

160 2033 276 2094 lerrime
295 2032 411 2111 explet,
428 2035 496 2093 item
511 2034 681 2110 gallinarum
696 2034 789 2093 limum
806 2051 910 2094 recens
925 2030 1047 2091 inlitum.
1080 2026 1157 2091 corti

161 2134 248 2176 onom
265 2118 294 2175 in
309 2133 397 2176 aereo
414 2135 484 2177 vase
503 2118 674 2195 permixtum
690 2117 856 2195 inlitumque
872 2116 979 2175 deraso
1003 2115 1103 2193 capite
1117 2112 1157 2171 ni·

160 2201 273 2275 gritiam
290 2198 388 2276 capilli
403 2198 510 2275 adlert,
532 2200 586 2259 sed
604 2198 698 2260 donec
713 2202 857 2261 inarescat
873 2198 970 2260 oleum
983 2200 1013 2258 iu
1034 2214 1091 2257 ore
1110 2195 1157 2257 ha·

162 2281 285 2341 bendum
301 2289 347 2339 est
361 2299 398 2339 ne
412 2290 442 2340 et
457 2282 558 2342 dentes
573 2283 656 2343 simul
668 2286 843 2361 nigrescant,
858 2282 943 2360 idque
957 2283 987 2341 iu
1003 2282 1105 2341 umbra
1119 2279 1157 2339 ia·

120 2363 313 2430 llocicndunt
333 2381 428 2443 neque
447 2374 513 2424 ante
529 2367 707 2445 quatriduum
727 2368 909 2429 abluendum.
946 2365 995 2424 alii
1019 2364 1186 2442 sanguines

161 2458 191 2508 et
205 2448 330 2509 cerebro
346 2450 408 2508 eius
424 2458 538 2509 utuntur
552 2470 615 2511 cum
632 2453 700 2511 vino
716 2453 816 2529 nigro,
839 2451 886 2512 alii
903 2457 1053 2509 excocunt
1069 2450 1159 2526 ipsum

161 2542 190 2593 et
204 2539 290 2592 nocte
308 2532 335 2591 in
348 2534 489 2593 concubia
504 2537 530 2594 in
549 2534 711 2612 plumbeum
727 2554 778 2596 aas
795 2535 930 2595 condunt.
954 2532 1043 2609 aliqui
1060 2531 1158 2610 alope-

161 2619 222 2678 cias
237 2615 402 2677 cantharide
418 2617 484 2677 trita
498 2618 617 2678 inlinunt
632 2637 696 2679 cum
718 2621 784 2698 pice
800 2617 923 2697 liquida,
944 2616 1020 2675 nitro
1038 2631 1158 2694 praepa·

159 2710 221 2759 rata
238 2708 315 2775 cute,
328 2734 370 2747 —
382 2702 507 2761 caustica
525 2702 569 2762 sis
584 2721 690 2779 earum,
707 2702 925 2781 cavendumque
939 2717 975 2758 aa
988 2699 1158 2760 exulcerent

160 2783 229 2856 alte,
248 2815 292 2828 -
308 2791 410 2861 postea
430 2782 466 2843 ad
482 2783 581 2846 ulcera
599 2788 638 2847 ita
654 2786 731 2847 iacta
751 2787 846 2864 capita
862 2783 982 2844 murium
998 2790 1028 2842 et
1041 2782 1085 2843 iel
1100 2785 1186 2841 mut·

160 2866 231 2925 rium
247 2875 276 2924 et
293 2866 386 2924 irinum
400 2883 464 2926 cum
479 2866 632 2930 helleboro
649 2878 679 2928 et
693 2870 796 2948 pipere
813 2869 892 2928 inlini
906 2867 1016 2926 iubent.

120 2960 167 3013 llt
234 2947 317 3027 (35.)
337 2948 450 3009 Leodes
464 2952 601 3012 tolluntur
616 2951 702 3030 adipe
715 2954 816 3012 canino
830 2951 877 3011 uel
888 2949 1031 3028 anguibus
1047 2949 1079 3009 iu
1094 2946 1156 3009 cibo

161 3033 281 3110 sumptis
296 3032 485 3108 anguillarum
500 3037 586 3097 modo
598 3045 646 3098 aut
658 3037 827 3097 vernatione
840 3052 940 3095 eorum
953 3050 1039 3113 quam
1052 3036 1158 3093 exuunt

160 3125 241 3195 pota,
258 3117 422 3194 porrigines
438 3118 508 3179 felle
524 3121 614 3180 ovillo
633 3138 696 3181 cum
712 3128 792 3180 creta
811 3116 935 3179 Cimolia
954 3117 1038 3177 linito
1063 3116 1157 3195 capite

160 3199 254 3261 donec
269 3202 423 3263 inarescat.
1164 3208 1186 3251 ὓ

119 3295 169 3347 tlt
234 3283 317 3364 (36.)
340 3283 450 3365 capitis
473 3287 622 3347 doloribus
649 3288 776 3348 remedio
806 3295 871 3347 suot
895 3283 1063 3349 coclearum
1086 3297 1159 3361 qnae

160 3368 254 3429 nudae
269 3370 449 3430 inveniuntur
466 3370 589 3430 nondum
605 3380 742 3450 peractae
757 3369 854 3432 ablata
869 3370 981 3447 capita,
996 3385 1035 3427 ex
1048 3364 1097 3427 his
1110 3366 1158 3426 du·

70 3453 224 3618 Ὶῐίιία
241 3450 355 3530 lapidea
371 3463 520 3533 exempta,
535 3488 578 3501 -
599 3465 644 3515 est
658 3465 751 3515 autem
768 3471 803 3514 ea
822 3453 926 3515 calculi
939 3448 1103 3530 latitudine,
1117 3480 1159 3501 -.
