2400 3840
167 193 228 256 sio
503 209 533 256 e.
551 208 646 256 amru
663 206 813 256 saccum

228 362 313 441 (bi.)
338 361 416 420 lotor
437 362 570 441 aquatilia
594 363 649 422 dici
674 361 761 422 debet
786 372 815 421 et
836 363 1039 424 calamochnus
1058 365 1162 426 Latine

166 444 271 505 adarca
287 445 442 522 appellata.
474 447 601 505 nascitur
623 447 699 505 circa
718 445 890 505 harundines
909 449 1002 506 tenuis
1025 465 1042 507 e
1058 467 1161 528 spuma

165 545 258 606 aquae
271 528 362 588 dulcis
371 545 406 588 ac
415 530 550 605 marinae,
560 530 608 588 ubi
621 547 653 589 sc
667 522 797 588 miscent.
819 530 877 589 rim
891 522 978 590 habet
992 535 1160 610 causticam,

164 611 231 671 ideo
252 616 353 691 acopis
368 612 479 672 additur
497 623 597 673 contra
612 612 829 691 perfrictionum
844 615 922 674 vitia.
954 615 1029 675 tollit
1050 625 1079 674 et
1099 636 1160 676 mu·

122 695 286 757 talliarum
307 696 462 773 lentigines
488 697 515 753 in
542 696 627 755 lacie.
661 695 700 756 Et
720 696 821 756 calami
848 699 931 757 simul
954 697 1009 756 dici
1034 699 1186 761 debent2s

164 779 333 858 phragmitis
348 780 430 839 radix
444 795 548 837 recens
563 780 638 839 tunsi
651 780 755 840 luxatis
769 780 900 840 medetur
914 789 944 841 et
959 784 1059 859 spinae
1074 784 1160 843 dolo·

163 862 242 922 ribus
259 882 296 923 ex
311 872 396 923 aceto
411 862 500 937 inlita,
514 859 617 940 Gpprii
630 879 713 938 vcro,
729 864 776 940 qui
793 873 822 923 et
837 865 931 924 donax
945 875 1076 940 vocator,
1093 883 1161 925 cor-

163 956 213 1005 tex
229 947 372 1023 alopeciis
388 945 519 1005 medetur
536 956 617 1006 ustus
640 955 671 1005 et
687 946 833 1006 ulceribus
848 950 1002 1023 veteratis,
1021 949 1093 1010 iolla
1108 969 1161 1009 ex-

163 1028 310 1089 trahendis
329 1046 403 1107 quae
424 1026 511 1089 infixa
532 1031 588 1089 sint
613 1031 731 1107 corpori
753 1037 782 1088 et
800 1033 860 1107 igni
877 1048 974 1090 sacro.
1005 1034 1161 1109 paniculae

164 1113 217 1172 llos
234 1114 309 1171 auris
327 1113 351 1171 si
372 1113 495 1187 intravit,
516 1113 663 1173 exsurdat.
695 1114 819 1190 Saepiae
840 1123 997 1174 atramento
1015 1124 1093 1175 tanta
1113 1119 1196 1175 visto

164 1205 208 1254 est
222 1204 253 1256 ut
272 1197 302 1255 iu
316 1195 434 1258 lucerna
444 1196 540 1267 addito
550 1196 710 1274 Aethiopas
723 1197 814 1256 videri
829 1197 927 1258 ablato
938 1201 1038 1275 priore
1053 1200 1161 1259 lumine

163 1279 321 1340 Anaxilaus
334 1280 436 1340 tradat.
458 1280 572 1340 Rubeta
587 1289 796 1358 excoctaeque
813 1283 893 1358 potui
908 1281 973 1341 data
989 1300 1070 1341 suum
1077 1298 1161 1342 mor·

162 1363 207 1422 bis
223 1364 355 1424 medetur
372 1363 420 1423 uel
439 1367 643 1442 cuiuscumque
664 1379 753 1423 ranae
771 1365 853 1424 cinis.
889 1365 1027 1425 Pulmone
1047 1368 1161 1427 marino

164 1449 187 1505 si
209 1447 386 1508 confricetur
408 1448 531 1524 bgnnm,
558 1447 662 1506 ardere
683 1447 797 1506 videtur
820 1448 893 1507 adeo
918 1457 948 1508 ut
971 1449 1104 1508 baculum
1121 1453 1160 1510 ita

163 1531 341 1608 praeluceat.
1171 1549 1194 1589 re

121 1622 172 1676 lit
232 1617 279 1674 ll.
300 1614 383 1693 (53.)
400 1614 529 1675 Peractis
541 1613 705 1692 aquatilium
716 1612 832 1675 dotibus
843 1630 901 1672 non
913 1614 1034 1674 alienum
1045 1616 1162 1675 ridetur

162 1698 291 1758 indicare
306 1716 361 1776 per
377 1707 419 1757 tot
433 1699 534 1773 maria,
550 1707 607 1756 tam
621 1705 703 1755 vasta
719 1707 750 1755 et
765 1705 808 1755 tot
821 1695 935 1757 milibus
950 1716 1085 1776 passuum
1101 1707 1160 1759 ter·

162 1799 213 1840 rae
227 1781 321 1840 inlusa
340 1789 481 1858 extraque
499 1778 672 1838 circumdata
686 1796 818 1840 mensura
839 1798 932 1858 paene
947 1782 1037 1858 ipsius
1053 1783 1161 1858 mundi,

163 1882 237 1942 quae
269 1863 474 1939 intellegantur
506 1862 636 1921 animalia
669 1870 781 1922 centum
809 1863 994 1941 quadraginta
1024 1873 1161 1941 quattuor

164 1950 277 2007 omnino
290 1965 429 2024 generum
443 1963 509 2006 esse
521 1963 615 2023 eaque
626 1947 789 2005 nominatim
802 1947 956 2025 conplecti,
970 1945 1048 2024 quod
1060 1948 1088 2005 in
1101 1957 1160 2006 ter·
1170 1969 1197 2010 ao

122 2039 172 2095 143
184 2031 324 2091 restribus
340 2031 568 2107 volucribusque
584 2031 648 2089 lieri
671 2047 728 2087 non
749 2031 819 2106 quit.
854 2046 949 2107 neque
971 2032 1045 2088 euim
1068 2034 1160 2089 omnis

162 2114 500 2194 ludiaehetbiopiaeque
510 2112 701 2187 autScpthiac
709 2111 929 2172 desertorumve
937 2114 1067 2173 novimus
1079 2113 1159 2172 ieras

164 2210 211 2259 aut
226 2201 370 2275 volucres,
388 2218 452 2258 cum
467 2199 610 2258 bominum
626 2197 754 2275 ipsorum
767 2196 856 2255 multo
872 2196 1020 2275 plurumae
1035 2199 1091 2256 sint
1106 2197 1160 2256 dii·

162 2282 318 2357 lerentiae,
346 2300 416 2360 quas
440 2281 570 2341 invenire
596 2281 749 2358 potuimus.
783 2279 904 2338 accedat
925 2282 969 2341 his
984 2280 1160 2358 Taprobane

163 2365 333 2441 insulaeque
344 2364 419 2423 aliae
432 2365 535 2424 oceani
547 2363 681 2423 fabulose
693 2370 835 2421 narratae.
856 2364 991 2440 prolecto
1004 2366 1160 2423 conueniet
1170 2387 1196 2426 aa

162 2464 220 2506 nou
238 2465 327 2526 posse
348 2449 440 2506 omnia
458 2464 565 2524 genera
585 2448 613 2506 in
631 2446 903 2522 contemplationem
923 2448 1086 2506 uniuersam
1108 2465 1159 2506 vo-

163 2534 232 2590 cari.
269 2540 307 2606 at,
327 2531 479 2607 Hercules,
497 2531 525 2587 in
547 2539 625 2589 tanto
640 2530 708 2587 mari
725 2544 896 2607 oceanoque
913 2548 988 2608 quae
1003 2541 1161 2590 nascuntur

165 2623 244 2674 certa
261 2624 336 2691 sunt,
351 2615 534 2693 potioraque,
551 2613 627 2691 quod
642 2614 786 2685 miremur,
803 2630 877 2689 quae
894 2613 1036 2690 prolundo
1058 2623 1161 2674 natura

121 2705 171 2758 144
182 2700 290 2757 mersit.
312 2699 351 2759 Ut
364 2716 380 2757 a
392 2697 487 2756 beluis
500 2696 651 2771 ordiamur,
663 2694 794 2770 arbores,
808 2694 993 2772 physeteres,
1005 2696 1159 2773 balaenae,

162 2782 312 2858 pistrices,
335 2782 485 2857 Tritones,
502 2779 655 2853 Nereides,
672 2777 827 2856 elephanti,
846 2779 977 2839 homines
993 2781 1041 2857 qui
1056 2781 1158 2839 marini
1169 2798 1196 2838 ao

161 2873 311 2941 vocantur,
326 2874 420 2940 rotae,
438 2881 535 2938 orcae,
554 2866 669 2938 arietes,
686 2863 805 2922 musculi
823 2873 852 2922 et
866 2864 914 2923 alii
928 2864 1050 2942 piscium
1065 2864 1160 2923 forma

163 2949 287 3024 arietes,
312 2947 440 3026 delphini
464 2947 655 3026 celebresque
671 2946 797 3006 Homero
815 2944 912 3021 vituli,
934 2946 1063 3004 luxuriae
1085 2963 1158 3004 vero

162 3026 321 3092 testudines
343 3041 371 3091 et
391 3031 511 3091 medicis
534 3031 614 3106 libri,
637 3047 757 3108 quorum
779 3032 896 3106 generis
911 3029 1000 3089 lutras
1016 3045 1158 3105 nusquam

119 3123 170 3179 lle
181 3117 252 3175 mari
267 3119 433 3194 accepimus
451 3116 543 3189 mergi
560 3122 666 3172 tantum
681 3115 787 3173 marina
802 3114 942 3175 dicentes.
971 3114 1025 3172 iam
1042 3113 1158 3172 canicu-

161 3199 261 3274 culae,
282 3199 432 3275 drinones,
450 3197 602 3271 cornutae,
618 3196 717 3272 gladii,
733 3214 843 3272 serrae,
859 3214 1083 3274 communesque
1098 3204 1157 3254 ter·
1168 3212 1196 3252 aa

160 3299 228 3355 rae,
245 3285 331 3358 mari,
348 3285 436 3343 amni:
454 3280 668 3360 hippopotami,
689 3280 844 3357 crocodili,
866 3289 895 3340 et
911 3282 985 3340 amni
1000 3287 1106 3339 tautum
1123 3297 1158 3338 ac

161 3367 247 3426 mari:
269 3365 385 3442 thynni,
403 3364 570 3440 thynnides,
586 3363 682 3437 siluri,
701 3364 838 3438 coracini,
855 3381 975 3442 percae,
991 3362 1159 3440 peculiares

160 3456 253 3508 autem
267 3450 369 3508 maris:
388 3450 551 3527 acipenser,
563 3443 672 3521 aurata,
688 3444 806 3522 asellus,
819 3447 955 3523 atharus,
971 3445 1078 3524 aphye,
1096 3445 1158 3505 alo·
