<?xml version="1.0" encoding="UTF-8"?>
<!DOCTYPE html PUBLIC "-//W3C//DTD XHTML 1.0 Transitional//EN"
    "http://www.w3.org/TR/xhtml1/DTD/xhtml1-transitional.dtd">
<html xmlns="http://www.w3.org/1999/xhtml" xml:lang="en" lang="en">
 <head>
  <title>
</title>
<meta http-equiv="Content-Type" content="text/html;charset=utf-8" />
  <meta name='ocr-system' content='tesseract 3.04.00' />
  <meta name='ocr-capabilities' content='ocr_page ocr_carea ocr_par ocr_line ocrx_word'/>
</head>
<body>
  <div class='ocr_page' id='page_1' title='image "./cplinisecundina06plingoog_0289.png"; bbox 0 0 2400 3840; ppageno 0'>
   <div class='ocr_carea' id='block_1_1' title="bbox 95 203 1168 3529">
    <p class='ocr_par' dir='ltr' id='par_1_1' title="bbox 95 203 1168 3529">
     <span class='ocr_line' id='line_1_1' title="bbox 144 203 786 306; baseline -0.009 -50"><span class='ocrx_word' id='word_1_1' title='bbox 144 242 183 306; x_wconf 60' lang='lat' dir='ltr'>n</span> <span class='ocrx_word' id='word_1_2' title='bbox 189 240 208 299; x_wconf 50' lang='grc' dir='ltr'><strong>ι</strong></span> <span class='ocrx_word' id='word_1_3' title='bbox 478 212 510 261; x_wconf 78' lang='lat' dir='ltr'><strong>c.</strong></span> <span class='ocrx_word' id='word_1_4' title='bbox 526 205 622 256; x_wconf 73' lang='lat' dir='ltr'><strong>nuum</strong></span> <span class='ocrx_word' id='word_1_5' title='bbox 635 203 786 252; x_wconf 73' lang='lat' dir='ltr'><strong>suenum</strong></span> 
     </span>
     <span class='ocr_line' id='line_1_2' title="bbox 286 351 1134 449; baseline -0.012 -26"><span class='ocrx_word' id='word_1_6' title='bbox 286 391 368 449; x_wconf 59' lang='lat' dir='ltr'>m</span> <span class='ocrx_word' id='word_1_7' title='bbox 389 384 452 433; x_wconf 64' lang='lat' dir='ltr'><strong>aar</strong></span> <span class='ocrx_word' id='word_1_8' title='bbox 472 359 577 434; x_wconf 75' lang='lat' dir='ltr'><strong>amplo.</strong></span> <span class='ocrx_word' id='word_1_9' title='bbox 615 357 691 416; x_wconf 87' lang='lat' dir='ltr'><strong>aiunt</strong></span> <span class='ocrx_word' id='word_1_10' title='bbox 711 367 740 417; x_wconf 89' lang='lat' dir='ltr'><strong>et</strong></span> <span class='ocrx_word' id='word_1_11' title='bbox 760 357 880 418; x_wconf 81' lang='lat' dir='ltr'><strong>volnera</strong></span> <span class='ocrx_word' id='word_1_12' title='bbox 906 351 1134 431; x_wconf 72' lang='lat' dir='ltr'><strong>candidoqlnti·</strong></span> 
     </span>
     <span class='ocr_line' id='line_1_3' title="bbox 146 412 1138 537; baseline -0.004 -38"><span class='ocrx_word' id='word_1_13' title='bbox 146 412 414 537; x_wconf 59' lang='lat' dir='ltr'><strong>⁴⁴meme</strong></span> <span class='ocrx_word' id='word_1_14' title='bbox 431 443 510 526; x_wconf 85' lang='lat' dir='ltr'><strong>pelli.</strong></span> <span class='ocrx_word' id='word_1_15' title='bbox 538 440 627 500; x_wconf 82' lang='lat' dir='ltr'><strong>lutea</strong></span> <span class='ocrx_word' id='word_1_16' title='bbox 649 458 770 500; x_wconf 81' lang='lat' dir='ltr'><strong>ovorum</strong></span> <span class='ocrx_word' id='word_1_17' title='bbox 787 450 873 502; x_wconf 89' lang='lat' dir='ltr'><strong>cocta</strong></span> <span class='ocrx_word' id='word_1_18' title='bbox 888 448 920 500; x_wconf 93' lang='lat' dir='ltr'><strong>nt</strong></span> <span class='ocrx_word' id='word_1_19' title='bbox 934 437 1138 513; x_wconf 88' lang='lat' dir='ltr'><strong>indurescant,</strong></span> 
     </span>
     <span class='ocr_line' id='line_1_4' title="bbox 105 496 1136 621; baseline -0.009 -32"><span class='ocrx_word' id='word_1_20' title='bbox 105 496 272 621; x_wconf 47' lang='lat' dir='ltr'><strong>“m-3,</strong></span> <span class='ocrx_word' id='word_1_21' title='bbox 285 556 375 610; x_wconf 55' lang='lat' dir='ltr'><strong>,qm</strong></span> <span class='ocrx_word' id='word_1_22' title='bbox 389 529 518 601; x_wconf 74' lang='lat' dir='ltr'><strong>modice,</strong></span> <span class='ocrx_word' id='word_1_23' title='bbox 537 526 605 584; x_wconf 90' lang='lat' dir='ltr'><strong>item</strong></span> <span class='ocrx_word' id='word_1_24' title='bbox 626 523 731 601; x_wconf 87' lang='lat' dir='ltr'><strong>melle,</strong></span> <span class='ocrx_word' id='word_1_25' title='bbox 753 543 790 584; x_wconf 82' lang='lat' dir='ltr'><strong>ex</strong></span> <span class='ocrx_word' id='word_1_26' title='bbox 810 524 886 585; x_wconf 87' lang='lat' dir='ltr'><strong>lacte</strong></span> <span class='ocrx_word' id='word_1_27' title='bbox 905 523 1032 584; x_wconf 84' lang='lat' dir='ltr'><strong>mulieris</strong></span> <span class='ocrx_word' id='word_1_28' title='bbox 1054 521 1136 580; x_wconf 88' lang='lat' dir='ltr'><strong>inlita</strong></span> 
     </span>
     <span class='ocr_line' id='line_1_5' title="bbox 146 570 1136 713; baseline -0.01 -40"><span class='ocrx_word' id='word_1_29' title='bbox 146 570 265 713; x_wconf 49' lang='lat' dir='ltr'><strong>m„</strong></span> <span class='ocrx_word' id='word_1_30' title='bbox 280 622 426 692; x_wconf 55' lang='lat' dir='ltr'><strong>mierum</strong></span> <span class='ocrx_word' id='word_1_31' title='bbox 441 611 586 686; x_wconf 78' lang='lat' dir='ltr'><strong>mitigant,</strong></span> <span class='ocrx_word' id='word_1_32' title='bbox 612 608 659 666; x_wconf 86' lang='lat' dir='ltr'><strong>rel</strong></span> <span class='ocrx_word' id='word_1_33' title='bbox 681 626 743 667; x_wconf 91' lang='lat' dir='ltr'><strong>cum</strong></span> <span class='ocrx_word' id='word_1_34' title='bbox 758 625 883 668; x_wconf 85' lang='lat' dir='ltr'><strong>rosaceo</strong></span> <span class='ocrx_word' id='word_1_35' title='bbox 906 615 935 667; x_wconf 85' lang='lat' dir='ltr'><strong>et</strong></span> <span class='ocrx_word' id='word_1_36' title='bbox 953 605 1048 666; x_wconf 89' lang='lat' dir='ltr'><strong>mulso</strong></span> <span class='ocrx_word' id='word_1_37' title='bbox 1068 604 1136 664; x_wconf 86' lang='lat' dir='ltr'><strong>lana</strong></span> 
     </span>
     <span class='ocr_line' id='line_1_6' title="bbox 203 688 1158 793; baseline -0.013 -38"><span class='ocrx_word' id='word_1_38' title='bbox 203 726 240 786; x_wconf 53' lang='lat' dir='ltr'><strong>p,</strong></span> <span class='ocrx_word' id='word_1_39' title='bbox 256 704 387 793; x_wconf 57' lang='lat' dir='ltr'><strong>mua,</strong></span> <span class='ocrx_word' id='word_1_40' title='bbox 401 694 450 754; x_wconf 83' lang='lat' dir='ltr'><strong>vel</strong></span> <span class='ocrx_word' id='word_1_41' title='bbox 467 710 531 751; x_wconf 91' lang='lat' dir='ltr'><strong>cum</strong></span> <span class='ocrx_word' id='word_1_42' title='bbox 545 693 613 751; x_wconf 88' lang='lat' dir='ltr'><strong>trito</strong></span> <span class='ocrx_word' id='word_1_43' title='bbox 628 693 675 770; x_wconf 91' lang='lat' dir='ltr'><strong>api</strong></span> <span class='ocrx_word' id='word_1_44' title='bbox 691 694 800 752; x_wconf 89' lang='lat' dir='ltr'><strong>semine</strong></span> <span class='ocrx_word' id='word_1_45' title='bbox 814 709 849 751; x_wconf 94' lang='lat' dir='ltr'><strong>ac</strong></span> <span class='ocrx_word' id='word_1_46' title='bbox 865 691 982 770; x_wconf 76' lang='lat' dir='ltr'><strong>polenta</strong></span> <span class='ocrx_word' id='word_1_47' title='bbox 995 691 1025 748; x_wconf 95' lang='lat' dir='ltr'><strong>in</strong></span> <span class='ocrx_word' id='word_1_48' title='bbox 1038 688 1158 749; x_wconf 81' lang='lat' dir='ltr'><strong>mulsos</strong></span> 
     </span>
     <span class='ocr_line' id='line_1_7' title="bbox 143 772 1134 879; baseline -0.01 -38"><span class='ocrx_word' id='word_1_49' title='bbox 143 814 232 879; x_wconf 51' lang='lat' dir='ltr'><strong>,m</strong></span> <span class='ocrx_word' id='word_1_50' title='bbox 288 784 387 853; x_wconf 59' lang='lat' dir='ltr'><strong>„idest</strong></span> <span class='ocrx_word' id='word_1_51' title='bbox 402 786 430 837; x_wconf 87' lang='lat' dir='ltr'><strong>et</strong></span> <span class='ocrx_word' id='word_1_52' title='bbox 444 773 629 835; x_wconf 81' lang='lat' dir='ltr'>tussientibus</span> <span class='ocrx_word' id='word_1_53' title='bbox 650 793 757 854; x_wconf 88' lang='lat' dir='ltr'><strong>perse</strong></span> <span class='ocrx_word' id='word_1_54' title='bbox 778 777 885 836; x_wconf 90' lang='lat' dir='ltr'><strong>luteum</strong></span> <span class='ocrx_word' id='word_1_55' title='bbox 908 774 1077 835; x_wconf 84' lang='lat' dir='ltr'><strong>devoratum</strong></span> <span class='ocrx_word' id='word_1_56' title='bbox 1102 772 1134 831; x_wconf 90' lang='lat' dir='ltr'><strong>li·</strong></span> 
     </span>
     <span class='ocr_line' id='line_1_8' title="bbox 143 812 1135 977; baseline -0.014 -51"><span class='ocrx_word' id='word_1_57' title='bbox 143 888 256 977; x_wconf 40' lang='lat' dir='ltr'><strong>&amp;M</strong></span> <span class='ocrx_word' id='word_1_58' title='bbox 269 812 314 934; x_wconf 67' lang='lat' dir='ltr'><strong>bra</strong></span> <span class='ocrx_word' id='word_1_59' title='bbox 328 874 357 926; x_wconf 86' lang='lat' dir='ltr'><strong>ut</strong></span> <span class='ocrx_word' id='word_1_60' title='bbox 373 859 505 922; x_wconf 73' lang='lat' dir='ltr'>dentibus</span> <span class='ocrx_word' id='word_1_61' title='bbox 519 876 577 918; x_wconf 96' lang='lat' dir='ltr'><strong>non</strong></span> <span class='ocrx_word' id='word_1_62' title='bbox 597 860 767 937; x_wconf 75' lang='lat' dir='ltr'><strong>attingatur,</strong></span> <span class='ocrx_word' id='word_1_63' title='bbox 790 860 917 919; x_wconf 78' lang='lat' dir='ltr'><strong>thoracis</strong></span> <span class='ocrx_word' id='word_1_64' title='bbox 933 855 1135 918; x_wconf 91' lang='lat' dir='ltr'><strong>destillationi·</strong></span> 
     </span>
     <span class='ocr_line' id='line_1_9' title="bbox 144 940 1135 1037; baseline -0.011 -28"><span class='ocrx_word' id='word_1_65' title='bbox 144 976 207 1037; x_wconf 51' lang='lat' dir='ltr'><em>m</em></span> <span class='ocrx_word' id='word_1_66' title='bbox 222 955 342 1025; x_wconf 55' lang='lat' dir='ltr'><strong>pactum</strong></span> <span class='ocrx_word' id='word_1_67' title='bbox 354 944 518 1005; x_wconf 76' lang='lat' dir='ltr'><strong>scabritiae.</strong></span> <span class='ocrx_word' id='word_1_68' title='bbox 540 943 670 1022; x_wconf 84' lang='lat' dir='ltr'><strong>privatim</strong></span> <span class='ocrx_word' id='word_1_69' title='bbox 686 953 786 1004; x_wconf 88' lang='lat' dir='ltr'><strong>contra</strong></span> <span class='ocrx_word' id='word_1_70' title='bbox 795 940 1045 1003; x_wconf 89' lang='lat' dir='ltr'><strong>haemorrhoidum</strong></span> <span class='ocrx_word' id='word_1_71' title='bbox 1060 956 1135 1000; x_wconf 88' lang='lat' dir='ltr'><strong>rnor-</strong></span> 
     </span>
     <span class='ocr_line' id='line_1_10' title="bbox 99 1024 1135 1133; baseline -0.017 -33"><span class='ocrx_word' id='word_1_72' title='bbox 99 1066 203 1133; x_wconf 41' lang='grc' dir='ltr'><strong>*Νι</strong></span> <span class='ocrx_word' id='word_1_73' title='bbox 221 1035 344 1105; x_wconf 62' lang='lat' dir='ltr'><strong>inlinitur</strong></span> <span class='ocrx_word' id='word_1_74' title='bbox 358 1027 550 1104; x_wconf 83' lang='lat' dir='ltr'><strong>sorbeturque</strong></span> <span class='ocrx_word' id='word_1_75' title='bbox 572 1026 697 1085; x_wconf 90' lang='lat' dir='ltr'><strong>crudum.</strong></span> <span class='ocrx_word' id='word_1_76' title='bbox 725 1026 845 1106; x_wconf 91' lang='lat' dir='ltr'><strong>prodest</strong></span> <span class='ocrx_word' id='word_1_77' title='bbox 862 1036 891 1087; x_wconf 89' lang='lat' dir='ltr'><strong>et</strong></span> <span class='ocrx_word' id='word_1_78' title='bbox 907 1025 1042 1103; x_wconf 91' lang='lat' dir='ltr'><strong>renibns,</strong></span> <span class='ocrx_word' id='word_1_79' title='bbox 1058 1024 1135 1082; x_wconf 87' lang='lat' dir='ltr'><strong>vesi·</strong></span> 
     </span>
     <span class='ocr_line' id='line_1_11' title="bbox 143 1107 1167 1199; baseline -0.012 -19"><span class='ocrx_word' id='word_1_80' title='bbox 143 1148 196 1199; x_wconf 65' lang='lat' dir='ltr'><strong>,qa</strong></span> <span class='ocrx_word' id='word_1_81' title='bbox 210 1112 373 1187; x_wconf 78' lang='lat' dir='ltr'><strong>rosionibus</strong></span> <span class='ocrx_word' id='word_1_82' title='bbox 388 1109 707 1187; x_wconf 83' lang='lat' dir='ltr'><strong>exulcerationibnsqne</strong></span> <span class='ocrx_word' id='word_1_83' title='bbox 726 1121 755 1170; x_wconf 89' lang='lat' dir='ltr'><strong>ct</strong></span> <span class='ocrx_word' id='word_1_84' title='bbox 770 1120 887 1171; x_wconf 87' lang='lat' dir='ltr'><strong>cruenta</strong></span> <span class='ocrx_word' id='word_1_85' title='bbox 902 1107 1134 1169; x_wconf 84' lang='lat' dir='ltr'><strong>exscrcantibns.</strong></span> <span class='ocrx_word' id='word_1_86' title='bbox 1144 1126 1167 1168; x_wconf 85' lang='lat' dir='ltr'><strong>rr</strong></span> 
     </span>
     <span class='ocr_line' id='line_1_12' title="bbox 183 1192 1134 1287; baseline -0.011 -27"><span class='ocrx_word' id='word_1_87' title='bbox 183 1212 267 1287; x_wconf 63' lang='lat' dir='ltr'><strong>taque</strong></span> <span class='ocrx_word' id='word_1_88' title='bbox 283 1213 403 1257; x_wconf 86' lang='lat' dir='ltr'><strong>ovorum</strong></span> <span class='ocrx_word' id='word_1_89' title='bbox 421 1193 498 1253; x_wconf 90' lang='lat' dir='ltr'><strong>lutea</strong></span> <span class='ocrx_word' id='word_1_90' title='bbox 515 1195 544 1252; x_wconf 93' lang='lat' dir='ltr'><strong>in</strong></span> <span class='ocrx_word' id='word_1_91' title='bbox 561 1195 618 1252; x_wconf 86' lang='lat' dir='ltr'><strong>vini</strong></span> <span class='ocrx_word' id='word_1_92' title='bbox 634 1193 747 1255; x_wconf 85' lang='lat' dir='ltr'><strong>hemina</strong></span> <span class='ocrx_word' id='word_1_93' title='bbox 764 1195 850 1254; x_wconf 89' lang='lat' dir='ltr'><strong>cruda</strong></span> <span class='ocrx_word' id='word_1_94' title='bbox 868 1192 1021 1254; x_wconf 85' lang='lat' dir='ltr'><strong>sorbentur</strong></span> <span class='ocrx_word' id='word_1_95' title='bbox 1037 1192 1134 1266; x_wconf 74' lang='lat' dir='ltr'><strong>dysin·</strong></span> 
     </span>
     <span class='ocr_line' id='line_1_13' title="bbox 142 1277 1134 1361; baseline -0.028 -1"><span class='ocrx_word' id='word_1_96' title='bbox 142 1289 242 1361; x_wconf 81' lang='lat' dir='ltr'><strong>tsrlols</strong></span> <span class='ocrx_word' id='word_1_97' title='bbox 257 1298 320 1343; x_wconf 86' lang='lat' dir='ltr'><strong>cnm</strong></span> <span class='ocrx_word' id='word_1_98' title='bbox 338 1280 436 1338; x_wconf 83' lang='lat' dir='ltr'><strong>cincre</strong></span> <span class='ocrx_word' id='word_1_99' title='bbox 457 1279 609 1356; x_wconf 85' lang='lat' dir='ltr'><strong>putaminis</strong></span> <span class='ocrx_word' id='word_1_100' title='bbox 625 1280 668 1337; x_wconf 90' lang='lat' dir='ltr'><strong>sni</strong></span> <span class='ocrx_word' id='word_1_101' title='bbox 690 1286 719 1338; x_wconf 88' lang='lat' dir='ltr'><strong>et</strong></span> <span class='ocrx_word' id='word_1_102' title='bbox 739 1279 896 1357; x_wconf 87' lang='lat' dir='ltr'><strong>papaveris</strong></span> <span class='ocrx_word' id='word_1_103' title='bbox 911 1292 983 1337; x_wconf 87' lang='lat' dir='ltr'><strong>suco</strong></span> <span class='ocrx_word' id='word_1_104' title='bbox 1003 1292 1039 1336; x_wconf 91' lang='lat' dir='ltr'><strong>ac</strong></span> <span class='ocrx_word' id='word_1_105' title='bbox 1055 1277 1134 1334; x_wconf 84' lang='lat' dir='ltr'><strong>rino.</strong></span> 
     </span>
     <span class='ocr_line' id='line_1_14' title="bbox 142 1358 1135 1441; baseline -0.019 -6"><span class='ocrx_word' id='word_1_106' title='bbox 142 1378 242 1441; x_wconf 78' lang='lat' dir='ltr'><strong>dantm</strong></span> <span class='ocrx_word' id='word_1_107' title='bbox 258 1362 396 1425; x_wconf 85' lang='lat' dir='ltr'><strong>coeliacis</strong></span> <span class='ocrx_word' id='word_1_108' title='bbox 423 1379 485 1420; x_wconf 90' lang='lat' dir='ltr'><strong>cum</strong></span> <span class='ocrx_word' id='word_1_109' title='bbox 508 1378 580 1420; x_wconf 81' lang='lat' dir='ltr'><strong>urae</strong></span> <span class='ocrx_word' id='word_1_110' title='bbox 605 1379 709 1440; x_wconf 91' lang='lat' dir='ltr'><strong>passae</strong></span> <span class='ocrx_word' id='word_1_111' title='bbox 732 1363 846 1441; x_wconf 78' lang='lat' dir='ltr'><strong>pinguis</strong></span> <span class='ocrx_word' id='word_1_112' title='bbox 868 1362 931 1440; x_wconf 89' lang='lat' dir='ltr'><strong>pari</strong></span> <span class='ocrx_word' id='word_1_113' title='bbox 953 1358 1086 1439; x_wconf 85' lang='lat' dir='ltr'><strong>pondero</strong></span> <span class='ocrx_word' id='word_1_114' title='bbox 1106 1365 1135 1418; x_wconf 91' lang='lat' dir='ltr'><strong>et</strong></span> 
     </span>
     <span class='ocr_line' id='line_1_15' title="bbox 141 1442 1133 1526; baseline -0.017 -9"><span class='ocrx_word' id='word_1_115' title='bbox 141 1450 269 1523; x_wconf 66' lang='lat' dir='ltr'><strong>malicori</strong></span> <span class='ocrx_word' id='word_1_116' title='bbox 285 1464 338 1526; x_wconf 90' lang='lat' dir='ltr'><strong>per</strong></span> <span class='ocrx_word' id='word_1_117' title='bbox 357 1443 477 1504; x_wconf 90' lang='lat' dir='ltr'><strong>triduum</strong></span> <span class='ocrx_word' id='word_1_118' title='bbox 497 1446 597 1523; x_wconf 86' lang='lat' dir='ltr'><strong>aequis</strong></span> <span class='ocrx_word' id='word_1_119' title='bbox 616 1445 811 1523; x_wconf 85' lang='lat' dir='ltr'><strong>portionibus,</strong></span> <span class='ocrx_word' id='word_1_120' title='bbox 833 1454 863 1505; x_wconf 87' lang='lat' dir='ltr'><strong>et</strong></span> <span class='ocrx_word' id='word_1_121' title='bbox 880 1445 938 1504; x_wconf 87' lang='lat' dir='ltr'><strong>alio</strong></span> <span class='ocrx_word' id='word_1_122' title='bbox 953 1442 1040 1503; x_wconf 93' lang='lat' dir='ltr'><strong>modo</strong></span> <span class='ocrx_word' id='word_1_123' title='bbox 1057 1442 1133 1502; x_wconf 82' lang='lat' dir='ltr'><strong>lutea</strong></span> 
     </span>
     <span class='ocr_line' id='line_1_16' title="bbox 142 1526 1165 1608; baseline -0.017 -7"><span class='ocrx_word' id='word_1_124' title='bbox 142 1550 260 1605; x_wconf 85' lang='lat' dir='ltr'><strong>crorum</strong></span> <span class='ocrx_word' id='word_1_125' title='bbox 275 1530 366 1604; x_wconf 88' lang='lat' dir='ltr'><strong>trium,</strong></span> <span class='ocrx_word' id='word_1_126' title='bbox 383 1528 455 1588; x_wconf 86' lang='lat' dir='ltr'><strong>lardi</strong></span> <span class='ocrx_word' id='word_1_127' title='bbox 471 1531 578 1589; x_wconf 85' lang='lat' dir='ltr'><strong>veteris</strong></span> <span class='ocrx_word' id='word_1_128' title='bbox 594 1538 623 1588; x_wconf 85' lang='lat' dir='ltr'><strong>et</strong></span> <span class='ocrx_word' id='word_1_129' title='bbox 636 1530 730 1589; x_wconf 90' lang='lat' dir='ltr'><strong>mellis</strong></span> <span class='ocrx_word' id='word_1_130' title='bbox 747 1528 959 1608; x_wconf 82' lang='lat' dir='ltr'><strong>quadrantibus,</strong></span> <span class='ocrx_word' id='word_1_131' title='bbox 977 1526 1037 1586; x_wconf 82' lang='lat' dir='ltr'><strong>vini</strong></span> <span class='ocrx_word' id='word_1_132' title='bbox 1052 1534 1165 1586; x_wconf 78' lang='lat' dir='ltr'><strong>vete-rs</strong></span> 
     </span>
     <span class='ocr_line' id='line_1_17' title="bbox 140 1611 1133 1691; baseline -0.018 -5"><span class='ocrx_word' id='word_1_133' title='bbox 140 1625 180 1687; x_wconf 83' lang='lat' dir='ltr'><strong>rit</strong></span> <span class='ocrx_word' id='word_1_134' title='bbox 196 1614 307 1691; x_wconf 73' lang='lat' dir='ltr'><strong>cyathis</strong></span> <span class='ocrx_word' id='word_1_135' title='bbox 323 1611 430 1687; x_wconf 88' lang='lat' dir='ltr'><strong>tribus,</strong></span> <span class='ocrx_word' id='word_1_136' title='bbox 447 1615 511 1671; x_wconf 92' lang='lat' dir='ltr'><strong>trita</strong></span> <span class='ocrx_word' id='word_1_137' title='bbox 527 1612 562 1671; x_wconf 92' lang='lat' dir='ltr'><strong>ad</strong></span> <span class='ocrx_word' id='word_1_138' title='bbox 578 1613 796 1673; x_wconf 87' lang='lat' dir='ltr'><strong>crassitudinem</strong></span> <span class='ocrx_word' id='word_1_139' title='bbox 809 1612 904 1671; x_wconf 89' lang='lat' dir='ltr'><strong>mellis</strong></span> <span class='ocrx_word' id='word_1_140' title='bbox 917 1621 959 1688; x_wconf 87' lang='lat' dir='ltr'><strong>et,</strong></span> <span class='ocrx_word' id='word_1_141' title='bbox 979 1628 1043 1670; x_wconf 88' lang='lat' dir='ltr'><strong>cnm</strong></span> <span class='ocrx_word' id='word_1_142' title='bbox 1059 1624 1133 1689; x_wconf 85' lang='lat' dir='ltr'><strong>opus</strong></span> 
     </span>
     <span class='ocr_line' id='line_1_18' title="bbox 97 1693 1133 1779; baseline -0.014 -13"><span class='ocrx_word' id='word_1_143' title='bbox 97 1718 132 1779; x_wconf 69' lang='lat' dir='ltr'><strong>as</strong></span> <span class='ocrx_word' id='word_1_144' title='bbox 142 1705 190 1775; x_wconf 84' lang='lat' dir='ltr'><strong>alt,</strong></span> <span class='ocrx_word' id='word_1_145' title='bbox 206 1695 357 1759; x_wconf 86' lang='lat' dir='ltr'><strong>abellanae</strong></span> <span class='ocrx_word' id='word_1_146' title='bbox 374 1696 455 1753; x_wconf 89' lang='lat' dir='ltr'><strong>nucis</strong></span> <span class='ocrx_word' id='word_1_147' title='bbox 471 1695 663 1772; x_wconf 82' lang='lat' dir='ltr'><strong>magnitudine</strong></span> <span class='ocrx_word' id='word_1_148' title='bbox 681 1715 718 1755; x_wconf 82' lang='lat' dir='ltr'><strong>ex</strong></span> <span class='ocrx_word' id='word_1_149' title='bbox 733 1705 906 1774; x_wconf 89' lang='lat' dir='ltr'><strong>aquaputa,</strong></span> <span class='ocrx_word' id='word_1_150' title='bbox 928 1696 996 1754; x_wconf 88' lang='lat' dir='ltr'><strong>item</strong></span> <span class='ocrx_word' id='word_1_151' title='bbox 1013 1712 1051 1754; x_wconf 88' lang='lat' dir='ltr'><strong>ex</strong></span> <span class='ocrx_word' id='word_1_152' title='bbox 1066 1693 1133 1753; x_wconf 89' lang='lat' dir='ltr'><strong>oleo</strong></span> 
     </span>
     <span class='ocr_line' id='line_1_19' title="bbox 139 1776 1133 1855; baseline -0.011 -10"><span class='ocrx_word' id='word_1_153' title='bbox 139 1787 223 1849; x_wconf 79' lang='lat' dir='ltr'><strong>trinta</strong></span> <span class='ocrx_word' id='word_1_154' title='bbox 238 1788 330 1854; x_wconf 85' lang='lat' dir='ltr'><strong>terna,</strong></span> <span class='ocrx_word' id='word_1_155' title='bbox 351 1779 418 1836; x_wconf 88' lang='lat' dir='ltr'><strong>totis</strong></span> <span class='ocrx_word' id='word_1_156' title='bbox 434 1779 498 1837; x_wconf 86' lang='lat' dir='ltr'><strong>ovis</strong></span> <span class='ocrx_word' id='word_1_157' title='bbox 514 1778 607 1855; x_wconf 87' lang='lat' dir='ltr'><strong>pridie</strong></span> <span class='ocrx_word' id='word_1_158' title='bbox 621 1782 772 1839; x_wconf 87' lang='lat' dir='ltr'><strong>maceratis</strong></span> <span class='ocrx_word' id='word_1_159' title='bbox 787 1781 815 1839; x_wconf 92' lang='lat' dir='ltr'><strong>in</strong></span> <span class='ocrx_word' id='word_1_160' title='bbox 829 1788 929 1855; x_wconf 90' lang='lat' dir='ltr'><strong>aceto,</strong></span> <span class='ocrx_word' id='word_1_161' title='bbox 952 1780 994 1838; x_wconf 89' lang='lat' dir='ltr'><strong>sic</strong></span> <span class='ocrx_word' id='word_1_162' title='bbox 1021 1786 1051 1837; x_wconf 88' lang='lat' dir='ltr'><strong>et</strong></span> <span class='ocrx_word' id='word_1_163' title='bbox 1063 1776 1133 1837; x_wconf 88' lang='lat' dir='ltr'><strong>lien·</strong></span> 
     </span>
     <span class='ocr_line' id='line_1_20' title="bbox 139 1861 1133 1938; baseline -0.013 -9"><span class='ocrx_word' id='word_1_164' title='bbox 139 1864 247 1938; x_wconf 88' lang='lat' dir='ltr'><strong>toricis,</strong></span> <span class='ocrx_word' id='word_1_165' title='bbox 261 1861 426 1936; x_wconf 81' lang='lat' dir='ltr'><strong>sanguinem</strong></span> <span class='ocrx_word' id='word_1_166' title='bbox 439 1870 531 1920; x_wconf 89' lang='lat' dir='ltr'><strong>autern</strong></span> <span class='ocrx_word' id='word_1_167' title='bbox 543 1861 727 1922; x_wconf 89' lang='lat' dir='ltr'><strong>reicientibus</strong></span> <span class='ocrx_word' id='word_1_168' title='bbox 740 1882 802 1922; x_wconf 90' lang='lat' dir='ltr'><strong>cnm</strong></span> <span class='ocrx_word' id='word_1_169' title='bbox 816 1862 906 1922; x_wconf 89' lang='lat' dir='ltr'><strong>tribns</strong></span> <span class='ocrx_word' id='word_1_170' title='bbox 918 1861 1029 1937; x_wconf 72' lang='lat' dir='ltr'><strong>cyathis</strong></span> <span class='ocrx_word' id='word_1_171' title='bbox 1037 1861 1133 1920; x_wconf 91' lang='lat' dir='ltr'><strong>musti.</strong></span> 
     </span>
     <span class='ocr_line' id='line_1_21' title="bbox 139 1942 1165 2021; baseline -0.007 -10"><span class='ocrx_word' id='word_1_172' title='bbox 139 1955 254 2011; x_wconf 89' lang='lat' dir='ltr'><strong>utuntur</strong></span> <span class='ocrx_word' id='word_1_173' title='bbox 271 1944 372 2003; x_wconf 92' lang='lat' dir='ltr'><strong>iisdem</strong></span> <span class='ocrx_word' id='word_1_174' title='bbox 388 1943 424 2004; x_wconf 94' lang='lat' dir='ltr'><strong>ad</strong></span> <span class='ocrx_word' id='word_1_175' title='bbox 440 1945 573 2021; x_wconf 80' lang='lat' dir='ltr'><strong>liventia,</strong></span> <span class='ocrx_word' id='word_1_176' title='bbox 595 1948 619 2004; x_wconf 90' lang='lat' dir='ltr'><strong>si</strong></span> <span class='ocrx_word' id='word_1_177' title='bbox 633 1948 793 2006; x_wconf 86' lang='lat' dir='ltr'><strong>vetustiora</strong></span> <span class='ocrx_word' id='word_1_178' title='bbox 815 1947 888 2021; x_wconf 87' lang='lat' dir='ltr'><strong>sint,</strong></span> <span class='ocrx_word' id='word_1_179' title='bbox 908 1963 971 2004; x_wconf 91' lang='lat' dir='ltr'><strong>cnm</strong></span> <span class='ocrx_word' id='word_1_180' title='bbox 987 1942 1086 2004; x_wconf 87' lang='lat' dir='ltr'><strong>bnlbis</strong></span> <span class='ocrx_word' id='word_1_181' title='bbox 1101 1961 1165 2004; x_wconf 82' lang='lat' dir='ltr'><strong>acto</strong></span> 
     </span>
     <span class='ocr_line' id='line_1_22' title="bbox 139 2028 1133 2105; baseline -0.007 -12"><span class='ocrx_word' id='word_1_182' title='bbox 139 2030 235 2093; x_wconf 87' lang='lat' dir='ltr'><strong>molle.</strong></span> <span class='ocrx_word' id='word_1_183' title='bbox 263 2028 366 2086; x_wconf 89' lang='lat' dir='ltr'><strong>sistunt</strong></span> <span class='ocrx_word' id='word_1_184' title='bbox 384 2037 542 2088; x_wconf 77' lang='lat' dir='ltr'><strong>atinenses</strong></span> <span class='ocrx_word' id='word_1_185' title='bbox 556 2030 704 2089; x_wconf 88' lang='lat' dir='ltr'><strong>mulierum</strong></span> <span class='ocrx_word' id='word_1_186' title='bbox 719 2038 803 2088; x_wconf 93' lang='lat' dir='ltr'><strong>cocta</strong></span> <span class='ocrx_word' id='word_1_187' title='bbox 819 2037 847 2088; x_wconf 88' lang='lat' dir='ltr'><strong>et</strong></span> <span class='ocrx_word' id='word_1_188' title='bbox 862 2029 890 2086; x_wconf 94' lang='lat' dir='ltr'><strong>in</strong></span> <span class='ocrx_word' id='word_1_189' title='bbox 904 2031 972 2087; x_wconf 82' lang='lat' dir='ltr'><strong>rino</strong></span> <span class='ocrx_word' id='word_1_190' title='bbox 988 2035 1076 2105; x_wconf 91' lang='lat' dir='ltr'><strong>pota,</strong></span> <span class='ocrx_word' id='word_1_191' title='bbox 1092 2028 1133 2087; x_wconf 89' lang='lat' dir='ltr'><strong>in-</strong></span> 
     </span>
     <span class='ocr_line' id='line_1_23' title="bbox 97 2110 1133 2188; baseline -0.007 -13"><span class='ocrx_word' id='word_1_192' title='bbox 97 2130 131 2183; x_wconf 70' lang='lat' dir='ltr'><strong>to</strong></span> <span class='ocrx_word' id='word_1_193' title='bbox 144 2113 276 2175; x_wconf 81' lang='lat' dir='ltr'><strong>dationes</strong></span> <span class='ocrx_word' id='word_1_194' title='bbox 293 2127 408 2188; x_wconf 91' lang='lat' dir='ltr'><strong>qnoque</strong></span> <span class='ocrx_word' id='word_1_195' title='bbox 424 2112 529 2172; x_wconf 87' lang='lat' dir='ltr'><strong>volvae</strong></span> <span class='ocrx_word' id='word_1_196' title='bbox 545 2113 632 2173; x_wconf 88' lang='lat' dir='ltr'><strong>cruda</strong></span> <span class='ocrx_word' id='word_1_197' title='bbox 649 2131 711 2172; x_wconf 91' lang='lat' dir='ltr'><strong>cnm</strong></span> <span class='ocrx_word' id='word_1_198' title='bbox 726 2113 794 2172; x_wconf 90' lang='lat' dir='ltr'><strong>oleo</strong></span> <span class='ocrx_word' id='word_1_199' title='bbox 810 2121 859 2172; x_wconf 90' lang='lat' dir='ltr'><strong>ant</strong></span> <span class='ocrx_word' id='word_1_200' title='bbox 875 2113 942 2171; x_wconf 89' lang='lat' dir='ltr'><strong>vino</strong></span> <span class='ocrx_word' id='word_1_201' title='bbox 959 2110 1048 2169; x_wconf 90' lang='lat' dir='ltr'><strong>inlita.</strong></span> <span class='ocrx_word' id='word_1_202' title='bbox 1080 2110 1133 2169; x_wconf 90' lang='lat' dir='ltr'><strong>uti·</strong></span> 
     </span>
     <span class='ocr_line' id='line_1_24' title="bbox 140 2194 1134 2272; baseline -0.006 -13"><span class='ocrx_word' id='word_1_203' title='bbox 140 2198 176 2259; x_wconf 89' lang='lat' dir='ltr'><strong>lia</strong></span> <span class='ocrx_word' id='word_1_204' title='bbox 192 2202 301 2253; x_wconf 89' lang='lat' dir='ltr'><strong>suntet</strong></span> <span class='ocrx_word' id='word_1_205' title='bbox 317 2195 440 2253; x_wconf 86' lang='lat' dir='ltr'><strong>cervicis</strong></span> <span class='ocrx_word' id='word_1_206' title='bbox 458 2194 605 2255; x_wconf 86' lang='lat' dir='ltr'><strong>doloribus</strong></span> <span class='ocrx_word' id='word_1_207' title='bbox 621 2214 684 2255; x_wconf 90' lang='lat' dir='ltr'><strong>cum</strong></span> <span class='ocrx_word' id='word_1_208' title='bbox 699 2197 833 2256; x_wconf 90' lang='lat' dir='ltr'><strong>anserino</strong></span> <span class='ocrx_word' id='word_1_209' title='bbox 848 2196 935 2272; x_wconf 86' lang='lat' dir='ltr'><strong>adipe</strong></span> <span class='ocrx_word' id='word_1_210' title='bbox 953 2202 983 2253; x_wconf 89' lang='lat' dir='ltr'><strong>et</strong></span> <span class='ocrx_word' id='word_1_211' title='bbox 995 2211 1134 2268; x_wconf 83' lang='lat' dir='ltr'><strong>rosaceo,</strong></span> 
     </span>
     <span class='ocr_line' id='line_1_25' title="bbox 140 2275 1136 2357; baseline -0.006 -16"><span class='ocrx_word' id='word_1_212' title='bbox 140 2278 218 2341; x_wconf 83' lang='lat' dir='ltr'><strong>sedis</strong></span> <span class='ocrx_word' id='word_1_213' title='bbox 237 2275 322 2334; x_wconf 86' lang='lat' dir='ltr'><strong>etiam</strong></span> <span class='ocrx_word' id='word_1_214' title='bbox 337 2278 412 2336; x_wconf 84' lang='lat' dir='ltr'><strong>vitiis</strong></span> <span class='ocrx_word' id='word_1_215' title='bbox 428 2276 556 2338; x_wconf 90' lang='lat' dir='ltr'><strong>indurata</strong></span> <span class='ocrx_word' id='word_1_216' title='bbox 569 2279 628 2356; x_wconf 87' lang='lat' dir='ltr'><strong>igni</strong></span> <span class='ocrx_word' id='word_1_217' title='bbox 644 2288 674 2339; x_wconf 93' lang='lat' dir='ltr'><strong>nt</strong></span> <span class='ocrx_word' id='word_1_218' title='bbox 689 2280 789 2340; x_wconf 90' lang='lat' dir='ltr'><strong>calore</strong></span> <span class='ocrx_word' id='word_1_219' title='bbox 809 2294 925 2357; x_wconf 89' lang='lat' dir='ltr'><strong>qnoque</strong></span> <span class='ocrx_word' id='word_1_220' title='bbox 949 2278 1078 2356; x_wconf 90' lang='lat' dir='ltr'><strong>prosint,</strong></span> <span class='ocrx_word' id='word_1_221' title='bbox 1106 2284 1136 2337; x_wconf 88' lang='lat' dir='ltr'><strong>et</strong></span> 
     </span>
     <span class='ocr_line' id='line_1_26' title="bbox 141 2358 1167 2439; baseline -0.008 -17"><span class='ocrx_word' id='word_1_222' title='bbox 141 2358 348 2433; x_wconf 81' lang='lat' dir='ltr'><strong>condylomatis</strong></span> <span class='ocrx_word' id='word_1_223' title='bbox 370 2378 432 2420; x_wconf 92' lang='lat' dir='ltr'><strong>cnm</strong></span> <span class='ocrx_word' id='word_1_224' title='bbox 454 2378 597 2437; x_wconf 86' lang='lat' dir='ltr'><strong>rosaceo,</strong></span> <span class='ocrx_word' id='word_1_225' title='bbox 621 2364 688 2422; x_wconf 89' lang='lat' dir='ltr'><strong>item</strong></span> <span class='ocrx_word' id='word_1_226' title='bbox 718 2363 855 2422; x_wconf 88' lang='lat' dir='ltr'><strong>ambustis</strong></span> <span class='ocrx_word' id='word_1_227' title='bbox 880 2360 979 2421; x_wconf 89' lang='lat' dir='ltr'><strong>durata</strong></span> <span class='ocrx_word' id='word_1_228' title='bbox 998 2361 1028 2419; x_wconf 93' lang='lat' dir='ltr'><strong>in</strong></span> <span class='ocrx_word' id='word_1_229' title='bbox 1048 2373 1167 2439; x_wconf 80' lang='lat' dir='ltr'><strong>aqua,rs</strong></span> 
     </span>
     <span class='ocr_line' id='line_1_27' title="bbox 140 2443 1135 2522; baseline -0.002 -18"><span class='ocrx_word' id='word_1_230' title='bbox 140 2461 208 2504; x_wconf 87' lang='lat' dir='ltr'><strong>mox</strong></span> <span class='ocrx_word' id='word_1_231' title='bbox 223 2443 251 2500; x_wconf 89' lang='lat' dir='ltr'><strong>in</strong></span> <span class='ocrx_word' id='word_1_232' title='bbox 266 2459 357 2521; x_wconf 86' lang='lat' dir='ltr'><strong>pruna</strong></span> <span class='ocrx_word' id='word_1_233' title='bbox 379 2443 568 2522; x_wconf 90' lang='lat' dir='ltr'><strong>putaminibus</strong></span> <span class='ocrx_word' id='word_1_234' title='bbox 587 2448 715 2522; x_wconf 84' lang='lat' dir='ltr'><strong>exustis,</strong></span> <span class='ocrx_word' id='word_1_235' title='bbox 734 2456 791 2505; x_wconf 91' lang='lat' dir='ltr'><strong>tum</strong></span> <span class='ocrx_word' id='word_1_236' title='bbox 807 2446 884 2505; x_wconf 90' lang='lat' dir='ltr'><strong>lutea</strong></span> <span class='ocrx_word' id='word_1_237' title='bbox 899 2463 937 2504; x_wconf 88' lang='lat' dir='ltr'><strong>ex</strong></span> <span class='ocrx_word' id='word_1_238' title='bbox 949 2460 1077 2503; x_wconf 86' lang='lat' dir='ltr'><strong>rosaceo</strong></span> <span class='ocrx_word' id='word_1_239' title='bbox 1093 2446 1135 2502; x_wconf 92' lang='lat' dir='ltr'><strong>in·</strong></span> 
     </span>
     <span class='ocr_line' id='line_1_28' title="bbox 140 2524 1135 2606; baseline -0.001 -19"><span class='ocrx_word' id='word_1_240' title='bbox 140 2528 273 2587; x_wconf 89' lang='lat' dir='ltr'><strong>linuntur.</strong></span> <span class='ocrx_word' id='word_1_241' title='bbox 303 2524 387 2586; x_wconf 90' lang='lat' dir='ltr'><strong>Finnt</strong></span> <span class='ocrx_word' id='word_1_242' title='bbox 402 2536 431 2586; x_wconf 88' lang='lat' dir='ltr'><strong>et</strong></span> <span class='ocrx_word' id='word_1_243' title='bbox 446 2536 506 2587; x_wconf 91' lang='lat' dir='ltr'><strong>tota</strong></span> <span class='ocrx_word' id='word_1_244' title='bbox 522 2527 610 2605; x_wconf 86' lang='lat' dir='ltr'><strong>lutea,</strong></span> <span class='ocrx_word' id='word_1_245' title='bbox 627 2547 700 2606; x_wconf 88' lang='lat' dir='ltr'><strong>qnae</strong></span> <span class='ocrx_word' id='word_1_246' title='bbox 715 2538 822 2589; x_wconf 85' lang='lat' dir='ltr'><strong>vocant</strong></span> <span class='ocrx_word' id='word_1_247' title='bbox 836 2529 942 2603; x_wconf 87' lang='lat' dir='ltr'><strong>sitista,</strong></span> <span class='ocrx_word' id='word_1_248' title='bbox 960 2544 1023 2586; x_wconf 88' lang='lat' dir='ltr'><strong>curn</strong></span> <span class='ocrx_word' id='word_1_249' title='bbox 1038 2527 1135 2587; x_wconf 91' lang='lat' dir='ltr'><strong>triduo</strong></span> 
     </span>
     <span class='ocr_line' id='line_1_29' title="bbox 139 2603 1137 2688; baseline -0.001 -19"><span class='ocrx_word' id='word_1_250' title='bbox 139 2603 265 2669; x_wconf 85' lang='lat' dir='ltr'><strong>incubita</strong></span> <span class='ocrx_word' id='word_1_251' title='bbox 285 2609 430 2669; x_wconf 90' lang='lat' dir='ltr'><strong>tolluntur.</strong></span> <span class='ocrx_word' id='word_1_252' title='bbox 473 2611 656 2671; x_wconf 88' lang='lat' dir='ltr'><strong>Stomachum</strong></span> <span class='ocrx_word' id='word_1_253' title='bbox 680 2612 849 2673; x_wconf 90' lang='lat' dir='ltr'><strong>dissolutum</strong></span> <span class='ocrx_word' id='word_1_254' title='bbox 872 2610 1040 2670; x_wconf 86' lang='lat' dir='ltr'><strong>confirmant</strong></span> <span class='ocrx_word' id='word_1_255' title='bbox 1063 2609 1137 2688; x_wconf 89' lang='lat' dir='ltr'><strong>pulli</strong></span> 
     </span>
     <span class='ocr_line' id='line_1_30' title="bbox 140 2692 1135 2771; baseline -0.003 -17"><span class='ocrx_word' id='word_1_256' title='bbox 140 2709 260 2754; x_wconf 91' lang='lat' dir='ltr'><strong>ovorum</strong></span> <span class='ocrx_word' id='word_1_257' title='bbox 277 2711 340 2752; x_wconf 90' lang='lat' dir='ltr'><strong>cnm</strong></span> <span class='ocrx_word' id='word_1_258' title='bbox 357 2694 454 2770; x_wconf 80' lang='lat' dir='ltr'><strong>gallae</strong></span> <span class='ocrx_word' id='word_1_259' title='bbox 469 2694 600 2771; x_wconf 89' lang='lat' dir='ltr'><strong>dimidio,</strong></span> <span class='ocrx_word' id='word_1_260' title='bbox 621 2699 659 2756; x_wconf 93' lang='lat' dir='ltr'><strong>ita</strong></span> <span class='ocrx_word' id='word_1_261' title='bbox 679 2714 716 2754; x_wconf 86' lang='lat' dir='ltr'><strong>ne</strong></span> <span class='ocrx_word' id='word_1_262' title='bbox 731 2705 797 2756; x_wconf 88' lang='lat' dir='ltr'><strong>ante</strong></span> <span class='ocrx_word' id='word_1_263' title='bbox 811 2696 880 2755; x_wconf 91' lang='lat' dir='ltr'><strong>duas</strong></span> <span class='ocrx_word' id='word_1_264' title='bbox 901 2694 989 2754; x_wconf 88' lang='lat' dir='ltr'><strong>boras</strong></span> <span class='ocrx_word' id='word_1_265' title='bbox 1002 2692 1077 2752; x_wconf 89' lang='lat' dir='ltr'><strong>alius</strong></span> <span class='ocrx_word' id='word_1_266' title='bbox 1093 2694 1135 2752; x_wconf 92' lang='lat' dir='ltr'><strong>ci·</strong></span> 
     </span>
     <span class='ocr_line' id='line_1_31' title="bbox 139 2774 1168 2859; baseline -0.001 -24"><span class='ocrx_word' id='word_1_267' title='bbox 139 2777 193 2835; x_wconf 89' lang='lat' dir='ltr'><strong>bns</strong></span> <span class='ocrx_word' id='word_1_268' title='bbox 209 2785 342 2834; x_wconf 88' lang='lat' dir='ltr'><strong>sumatur.</strong></span> <span class='ocrx_word' id='word_1_269' title='bbox 373 2776 439 2836; x_wconf 90' lang='lat' dir='ltr'><strong>daut</strong></span> <span class='ocrx_word' id='word_1_270' title='bbox 463 2786 491 2836; x_wconf 87' lang='lat' dir='ltr'><strong>et</strong></span> <span class='ocrx_word' id='word_1_271' title='bbox 512 2777 693 2852; x_wconf 80' lang='lat' dir='ltr'><strong>dysintericis</strong></span> <span class='ocrx_word' id='word_1_272' title='bbox 713 2778 809 2859; x_wconf 92' lang='lat' dir='ltr'><strong>pullos</strong></span> <span class='ocrx_word' id='word_1_273' title='bbox 830 2781 859 2838; x_wconf 94' lang='lat' dir='ltr'><strong>in</strong></span> <span class='ocrx_word' id='word_1_274' title='bbox 879 2779 943 2857; x_wconf 88' lang='lat' dir='ltr'><strong>ipso</strong></span> <span class='ocrx_word' id='word_1_275' title='bbox 963 2793 1021 2835; x_wconf 86' lang='lat' dir='ltr'><strong>ovo</strong></span> <span class='ocrx_word' id='word_1_276' title='bbox 1044 2774 1168 2836; x_wconf 80' lang='lat' dir='ltr'><strong>deco-o</strong></span> 
     </span>
     <span class='ocr_line' id='line_1_32' title="bbox 141 2858 1135 2942; baseline -0.001 -23"><span class='ocrx_word' id='word_1_277' title='bbox 141 2868 205 2919; x_wconf 91' lang='lat' dir='ltr'><strong>ctos</strong></span> <span class='ocrx_word' id='word_1_278' title='bbox 221 2859 345 2917; x_wconf 84' lang='lat' dir='ltr'><strong>admixta</strong></span> <span class='ocrx_word' id='word_1_279' title='bbox 361 2861 417 2917; x_wconf 89' lang='lat' dir='ltr'><strong>vini</strong></span> <span class='ocrx_word' id='word_1_280' title='bbox 431 2863 539 2921; x_wconf 89' lang='lat' dir='ltr'><strong>austeri</strong></span> <span class='ocrx_word' id='word_1_281' title='bbox 554 2861 667 2921; x_wconf 90' lang='lat' dir='ltr'><strong>hemina</strong></span> <span class='ocrx_word' id='word_1_282' title='bbox 683 2872 712 2921; x_wconf 92' lang='lat' dir='ltr'><strong>et</strong></span> <span class='ocrx_word' id='word_1_283' title='bbox 728 2862 888 2942; x_wconf 92' lang='lat' dir='ltr'><strong>parimodo</strong></span> <span class='ocrx_word' id='word_1_284' title='bbox 905 2860 964 2920; x_wconf 92' lang='lat' dir='ltr'><strong>olei</strong></span> <span class='ocrx_word' id='word_1_285' title='bbox 981 2858 1135 2938; x_wconf 87' lang='lat' dir='ltr'><strong>polentae·</strong></span> 
     </span>
     <span class='ocr_line' id='line_1_33' title="bbox 96 2941 1135 3021; baseline 0.003 -21"><span class='ocrx_word' id='word_1_286' title='bbox 96 2954 131 3008; x_wconf 80' lang='lat'><strong>46</strong></span> <span class='ocrx_word' id='word_1_287' title='bbox 143 2959 208 3020; x_wconf 87' lang='lat' dir='ltr'><strong>que.</strong></span> <span class='ocrx_word' id='word_1_288' title='bbox 233 2941 398 3001; x_wconf 85' lang='lat' dir='ltr'><strong>Membrana</strong></span> <span class='ocrx_word' id='word_1_289' title='bbox 418 2945 553 3021; x_wconf 89' lang='lat' dir='ltr'><strong>putamini</strong></span> <span class='ocrx_word' id='word_1_290' title='bbox 570 2944 698 3004; x_wconf 89' lang='lat' dir='ltr'><strong>detracta</strong></span> <span class='ocrx_word' id='word_1_291' title='bbox 716 2947 779 3005; x_wconf 86' lang='lat' dir='ltr'><strong>sive</strong></span> <span class='ocrx_word' id='word_1_292' title='bbox 801 2945 890 3005; x_wconf 90' lang='lat' dir='ltr'><strong>crudo</strong></span> <span class='ocrx_word' id='word_1_293' title='bbox 912 2945 975 3002; x_wconf 86' lang='lat' dir='ltr'><strong>sive</strong></span> <span class='ocrx_word' id='word_1_294' title='bbox 991 2950 1079 3002; x_wconf 91' lang='lat' dir='ltr'><strong>cocto</strong></span> <span class='ocrx_word' id='word_1_295' title='bbox 1094 2944 1135 3003; x_wconf 91' lang='lat' dir='ltr'><strong>la·</strong></span> 
     </span>
     <span class='ocr_line' id='line_1_34' title="bbox 140 3024 1134 3106; baseline 0.002 -23"><span class='ocrx_word' id='word_1_296' title='bbox 140 3024 252 3084; x_wconf 82' lang='lat' dir='ltr'><strong>bionum</strong></span> <span class='ocrx_word' id='word_1_297' title='bbox 268 3025 377 3083; x_wconf 84' lang='lat' dir='ltr'><strong>fissuris</strong></span> <span class='ocrx_word' id='word_1_298' title='bbox 393 3026 538 3103; x_wconf 87' lang='lat' dir='ltr'><strong>medetur,</strong></span> <span class='ocrx_word' id='word_1_299' title='bbox 560 3028 709 3106; x_wconf 89' lang='lat' dir='ltr'><strong>putaminis</strong></span> <span class='ocrx_word' id='word_1_300' title='bbox 733 3030 805 3088; x_wconf 90' lang='lat' dir='ltr'><strong>cinis</strong></span> <span class='ocrx_word' id='word_1_301' title='bbox 827 3030 856 3087; x_wconf 93' lang='lat' dir='ltr'><strong>in</strong></span> <span class='ocrx_word' id='word_1_302' title='bbox 872 3029 939 3087; x_wconf 81' lang='lat' dir='ltr'><strong>vino</strong></span> <span class='ocrx_word' id='word_1_303' title='bbox 958 3034 1044 3104; x_wconf 90' lang='lat' dir='ltr'><strong>potus</strong></span> <span class='ocrx_word' id='word_1_304' title='bbox 1068 3043 1134 3086; x_wconf 91' lang='lat' dir='ltr'><strong>san·</strong></span> 
     </span>
     <span class='ocr_line' id='line_1_35' title="bbox 138 3108 1136 3190; baseline 0.002 -24"><span class='ocrx_word' id='word_1_305' title='bbox 138 3109 233 3184; x_wconf 82' lang='lat' dir='ltr'><strong>guinis</strong></span> <span class='ocrx_word' id='word_1_306' title='bbox 249 3109 455 3186; x_wconf 89' lang='lat' dir='ltr'><strong>eruptionibus.</strong></span> <span class='ocrx_word' id='word_1_307' title='bbox 498 3108 626 3169; x_wconf 91' lang='lat' dir='ltr'><strong>comburi</strong></span> <span class='ocrx_word' id='word_1_308' title='bbox 639 3111 700 3169; x_wconf 89' lang='lat' dir='ltr'><strong>sine</strong></span> <span class='ocrx_word' id='word_1_309' title='bbox 715 3112 879 3173; x_wconf 90' lang='lat' dir='ltr'><strong>membrana</strong></span> <span class='ocrx_word' id='word_1_310' title='bbox 894 3119 1021 3190; x_wconf 87' lang='lat' dir='ltr'><strong>oportet,</strong></span> <span class='ocrx_word' id='word_1_311' title='bbox 1043 3110 1089 3168; x_wconf 89' lang='lat' dir='ltr'><strong>sic</strong></span> <span class='ocrx_word' id='word_1_312' title='bbox 1104 3111 1136 3170; x_wconf 88' lang='lat' dir='ltr'><strong>lit</strong></span> 
     </span>
     <span class='ocr_line' id='line_1_36' title="bbox 141 3190 1168 3255; baseline -0.001 -6"><span class='ocrx_word' id='word_1_313' title='bbox 141 3200 169 3251; x_wconf 86' lang='lat' dir='ltr'><strong>et</strong></span> <span class='ocrx_word' id='word_1_314' title='bbox 180 3190 377 3251; x_wconf 81' lang='lat' dir='ltr'><strong>dentifricium.</strong></span> <span class='ocrx_word' id='word_1_315' title='bbox 400 3193 476 3253; x_wconf 92' lang='lat' dir='ltr'><strong>idem</strong></span> <span class='ocrx_word' id='word_1_316' title='bbox 492 3194 564 3251; x_wconf 88' lang='lat' dir='ltr'><strong>cinis</strong></span> <span class='ocrx_word' id='word_1_317' title='bbox 576 3202 604 3252; x_wconf 91' lang='lat' dir='ltr'><strong>et</strong></span> <span class='ocrx_word' id='word_1_318' title='bbox 618 3193 767 3254; x_wconf 89' lang='lat' dir='ltr'><strong>mulierum</strong></span> <span class='ocrx_word' id='word_1_319' title='bbox 778 3212 893 3255; x_wconf 87' lang='lat' dir='ltr'><strong>menses</strong></span> <span class='ocrx_word' id='word_1_320' title='bbox 907 3212 971 3253; x_wconf 88' lang='lat' dir='ltr'><strong>cunr</strong></span> <span class='ocrx_word' id='word_1_321' title='bbox 983 3209 1079 3252; x_wconf 90' lang='lat' dir='ltr'><strong>murra</strong></span> <span class='ocrx_word' id='word_1_322' title='bbox 1091 3194 1132 3253; x_wconf 93' lang='lat' dir='ltr'><strong>in·</strong></span> <span class='ocrx_word' id='word_1_323' title='bbox 1144 3205 1168 3248; x_wconf 83' lang='lat' dir='ltr'><strong>st</strong></span> 
     </span>
     <span class='ocr_line' id='line_1_37' title="bbox 140 3274 1134 3354; baseline 0.005 -22"><span class='ocrx_word' id='word_1_324' title='bbox 140 3274 206 3333; x_wconf 89' lang='lat' dir='ltr'><strong>litus</strong></span> <span class='ocrx_word' id='word_1_325' title='bbox 222 3275 307 3335; x_wconf 89' lang='lat' dir='ltr'><strong>sistit.</strong></span> <span class='ocrx_word' id='word_1_326' title='bbox 338 3277 456 3336; x_wconf 86' lang='lat' dir='ltr'><strong>firmitas</strong></span> <span class='ocrx_word' id='word_1_327' title='bbox 471 3277 641 3354; x_wconf 87' lang='lat' dir='ltr'><strong>putaminum</strong></span> <span class='ocrx_word' id='word_1_328' title='bbox 656 3286 732 3339; x_wconf 91' lang='lat' dir='ltr'><strong>tanta</strong></span> <span class='ocrx_word' id='word_1_329' title='bbox 754 3288 799 3338; x_wconf 91' lang='lat' dir='ltr'><strong>est</strong></span> <span class='ocrx_word' id='word_1_330' title='bbox 816 3287 846 3337; x_wconf 90' lang='lat' dir='ltr'><strong>ut</strong></span> <span class='ocrx_word' id='word_1_331' title='bbox 858 3286 939 3338; x_wconf 85' lang='lat' dir='ltr'><strong>rocta</strong></span> <span class='ocrx_word' id='word_1_332' title='bbox 958 3294 1014 3337; x_wconf 88' lang='lat' dir='ltr'><strong>neo</strong></span> <span class='ocrx_word' id='word_1_333' title='bbox 1031 3276 1060 3335; x_wconf 85' lang='lat' dir='ltr'><strong>vi</strong></span> <span class='ocrx_word' id='word_1_334' title='bbox 1075 3293 1134 3337; x_wconf 85' lang='lat' dir='ltr'><strong>nec</strong></span> 
     </span>
     <span class='ocr_line' id='line_1_38' title="bbox 139 3355 1132 3441; baseline 0.007 -26"><span class='ocrx_word' id='word_1_335' title='bbox 139 3355 268 3434; x_wconf 91' lang='lat' dir='ltr'><strong>pondere</strong></span> <span class='ocrx_word' id='word_1_336' title='bbox 283 3359 342 3420; x_wconf 93' lang='lat' dir='ltr'><strong>ullo</strong></span> <span class='ocrx_word' id='word_1_337' title='bbox 357 3360 539 3436; x_wconf 81' lang='lat' dir='ltr'><strong>frangantur,</strong></span> <span class='ocrx_word' id='word_1_338' title='bbox 559 3378 613 3420; x_wconf 93' lang='lat' dir='ltr'><strong>nec</strong></span> <span class='ocrx_word' id='word_1_339' title='bbox 627 3362 682 3420; x_wconf 93' lang='lat' dir='ltr'><strong>nisi</strong></span> <span class='ocrx_word' id='word_1_340' title='bbox 697 3361 811 3441; x_wconf 93' lang='lat' dir='ltr'><strong>paulum</strong></span> <span class='ocrx_word' id='word_1_341' title='bbox 825 3361 931 3421; x_wconf 83' lang='lat' dir='ltr'><strong>inflexa</strong></span> <span class='ocrx_word' id='word_1_342' title='bbox 945 3359 1132 3422; x_wconf 86' lang='lat' dir='ltr'><strong>rotunditate.</strong></span> 
     </span>
     <span class='ocr_line' id='line_1_39' title="bbox 95 3439 1134 3529; baseline -0.001 -24"><span class='ocrx_word' id='word_1_343' title='bbox 95 3449 129 3505; x_wconf 77' lang='lat' dir='ltr'><strong>st</strong></span> <span class='ocrx_word' id='word_1_344' title='bbox 140 3439 212 3500; x_wconf 79' lang='lat' dir='ltr'><strong>&#39;lota</strong></span> <span class='ocrx_word' id='word_1_345' title='bbox 227 3458 282 3501; x_wconf 82' lang='lat' dir='ltr'><strong>ora</strong></span> <span class='ocrx_word' id='word_1_346' title='bbox 297 3442 429 3502; x_wconf 84' lang='lat' dir='ltr'><strong>adiuvant</strong></span> <span class='ocrx_word' id='word_1_347' title='bbox 447 3451 556 3521; x_wconf 93' lang='lat' dir='ltr'><strong>partum</strong></span> <span class='ocrx_word' id='word_1_348' title='bbox 576 3463 638 3529; x_wconf 86' lang='lat' dir='ltr'><strong>cnm</strong></span> <span class='ocrx_word' id='word_1_349' title='bbox 655 3454 718 3504; x_wconf 89' lang='lat' dir='ltr'><strong>rnta</strong></span> <span class='ocrx_word' id='word_1_350' title='bbox 735 3455 763 3504; x_wconf 90' lang='lat' dir='ltr'><strong>et</strong></span> <span class='ocrx_word' id='word_1_351' title='bbox 779 3454 864 3507; x_wconf 85' lang='lat' dir='ltr'><strong>aneto</strong></span> <span class='ocrx_word' id='word_1_352' title='bbox 886 3453 915 3504; x_wconf 86' lang='lat' dir='ltr'><strong>et</strong></span> <span class='ocrx_word' id='word_1_353' title='bbox 932 3445 1045 3503; x_wconf 90' lang='lat' dir='ltr'><strong>cumino</strong></span> <span class='ocrx_word' id='word_1_354' title='bbox 1060 3453 1134 3522; x_wconf 90' lang='lat' dir='ltr'><strong>pota</strong></span> 
     </span>
    </p>
   </div>
   <div class='ocr_carea' id='block_1_2' title="bbox 0 0 1204 3840">
    <p class='ocr_par' dir='ltr' id='par_1_2' title="bbox 0 0 1204 3840">
     <span class='ocr_line' id='line_1_40' title="bbox 0 0 1204 3840; baseline 0 0"><span class='ocrx_word' id='word_1_355' title='bbox 0 0 1204 3840; x_wconf 95' lang='lat' dir='ltr'><strong> </strong></span> 
     </span>
    </p>
   </div>
  </div>
 </body>
</html>
