2400 3840
128 177 192 239 216
476 189 506 238 c.
524 187 784 237 rurmsscouor

128 352 208 422 rant,
227 346 379 422 anguinum
392 345 567 424 appellatur.
597 343 723 403 Druidae
744 341 838 402 sibilis
855 340 885 401 id
898 341 1043 405 dicuntia
1055 347 1123 408 aab

129 426 197 486 lime
212 430 312 488 iactari
326 446 459 506 sagoque
475 436 615 506 oportere
629 426 763 504 intercipi
783 444 821 484 ne
838 425 973 486 tellure·
988 431 1122 508 attingat.

130 511 289 589 profugere
304 522 451 590 raptorem
465 529 560 590 equo,
581 511 728 588 serpentis
747 510 823 569 enim
835 510 949 587 insequi
963 509 1064 573 doner
1078 530 1124 573 ar·

130 603 249 653 ceantur
274 599 364 654 amnis
379 595 499 654 alieuius
518 597 690 654 interventu.
722 594 950 671 experimentum
966 595 1032 655 eius
1045 614 1124 674 esse,

86 687 122 742 53
132 677 157 735 si
170 687 269 737 contra
283 696 374 755 aquas
384 678 477 737 buitet
490 678 537 736 vel
551 695 623 737 auro
638 678 773 736 uinctum.
802 685 900 754 atque,
914 684 946 735 ut
960 687 1009 737 est
1020 679 1147 756 lugo-t

128 779 190 820 rum
206 761 337 820 sollertia
353 760 533 820 occultandis
547 759 696 820 bacilibus
710 777 812 836 sagax,
828 769 910 818 certa
923 759 990 820 luna
1004 765 1122 840 capien-

131 843 196 903 dum
214 853 350 921 censent,
366 853 508 921 umquam
526 861 689 920 congruere
705 845 905 921 operationem
919 861 984 902 eam
1000 863 1122 924 serpen·

128 928 196 987 tium
212 927 324 986 bomani
345 928 382 985 sit
402 925 510 986 arbitri.
546 928 605 986 ridi
621 927 753 1004 equidem
774 925 802 984 id
824 942 910 985 ovonr
923 927 992 987 mali
1006 927 1123 988 orbicu-

129 1010 179 1069 lati
193 1009 298 1068 modici
312 1010 521 1087 magnitudine,
546 1020 641 1070 crusta
655 1010 847 1085 cartilaginis,
868 1008 947 1067 velut
962 1010 1124 1073 acetabulis

86 1091 333 1156 monachrorum
350 1093 451 1173 polypi
473 1093 601 1169 crebris,
625 1096 738 1169 insigne
757 1091 883 1151 Druidis.
915 1090 962 1151 Ad
983 1095 1153 1156 victoriano

129 1175 218 1234 litium
248 1192 284 1234 ac
302 1195 403 1254 regum
429 1178 521 1238 aditus
547 1179 619 1237 mire
646 1177 792 1252 landatur,
817 1184 914 1235 tantae
933 1179 1069 1239 vanitatis
1093 1187 1124 1238 ut

129 1257 282 1317 babentem
297 1261 325 1321 id
347 1262 375 1320 in
390 1262 440 1321 lite
456 1263 484 1320 in
506 1263 568 1321 sinu
588 1262 714 1338 equitem
727 1261 885 1319 llomanum
902 1276 921 1318 e
938 1260 1124 1323 Vocontiisa

129 1341 197 1402 diro
205 1341 326 1404 Claudio
340 1347 471 1424 principe
482 1347 683 1424 interemptum
695 1361 752 1402 non
761 1343 799 1401 ob
811 1341 887 1400 aliud
898 1344 1000 1403 sciam.
1021 1345 1073 1407 bic
1082 1355 1122 1406 ta

129 1444 195 1485 men
212 1428 373 1506 conplexus
388 1431 522 1506 anguium
538 1438 567 1488 et
586 1426 725 1504 lrugiiera
746 1443 846 1486 eorum
860 1427 1021 1489 concordia
1036 1445 1122 1490 cama

128 1510 243 1570 uidetur
261 1530 329 1572 esse
343 1531 432 1590 qnare
446 1521 565 1572 exterae
586 1519 689 1589 gentes
711 1509 867 1570 caduceum
887 1509 916 1567 in
934 1512 1019 1587 pacis
1037 1526 1151 1589 argu-u

128 1596 230 1654 mentis
247 1596 420 1656 circumdata
436 1596 536 1671 eliigie
551 1595 682 1672 anguium
696 1593 836 1669 iecerint,
858 1609 955 1670 neque
975 1596 1054 1655 enim
1068 1595 1121 1656 nri·

130 1685 223 1736 statos
239 1695 306 1736 esse
321 1679 349 1736 in
365 1677 494 1737 caduceo
508 1696 571 1738 mos
586 1686 639 1736 est.

87 1769 120 1822 55
187 1758 272 1836 (13.)
293 1758 337 1818 lle
353 1777 485 1819 anserum
506 1763 570 1819 oris
590 1777 711 1836 magnae
729 1760 858 1819 utilitatis
878 1761 1002 1838 ipsoque
1017 1778 1122 1821 ansere

130 1842 232 1901 dicturi
246 1842 302 1902 boc
325 1844 354 1902 in
376 1843 521 1902 volumine
541 1842 680 1902 debemus
696 1840 836 1902 bonorem
852 1841 1051 1920 Commageno
1065 1844 1122 1904 cla·

129 1926 260 1986 rissimae
271 1927 323 1985 rei.
346 1927 421 1986 liter
435 1926 521 2004 adipe
533 1944 715 1985 auserum—
725 1926 833 2003 alioqui
847 1925 1032 1986 celeberrimi
1044 1936 1153 2003 uruat·

130 2009 183 2069 sed
200 2010 229 2068 in
246 2008 304 2070 hoc
318 2011 347 2069 in
362 2009 556 2087 Commagene
574 2010 675 2084 Syriae
692 2017 774 2086 parte
792 2043 836 2052 -
851 2026 914 2068 cum
933 2011 1123 2088 cinnamomo,

130 2095 224 2167 casia,
254 2093 357 2170 pipere
377 2094 461 2169 albo,
488 2093 577 2153 herba
598 2110 673 2171 quae
694 2089 889 2170 Commagene
910 2103 1048 2170 vocatur,
1073 2092 1124 2154 ob·

129 2178 200 2235 rutis
214 2177 280 2234 nive
298 2177 386 2253 vasis,
401 2176 492 2236 odore
510 2175 643 2250 iucundo,
662 2175 838 2235 utilissimum
854 2176 889 2236 ad
906 2175 1123 2254 perfrictiones,

131 2257 347 2336 convolsioncs,
364 2275 470 2317 caecos
485 2268 532 2319 aut
546 2257 658 2318 subitos
671 2258 791 2318 dolores
802 2261 953 2338 omniaque
966 2278 1041 2338 quae
1056 2277 1124 2322 aco·

130 2340 186 2417 piis
207 2348 357 2418 curantur,
381 2351 611 2418 unguentumque
629 2343 740 2428 pariter
761 2351 791 2401 et
812 2342 1051 2403 medicamentum
1068 2350 1155 2404 estu

88 2422 162 2486 colit
176 2432 205 2481 et
220 2424 248 2482 in
259 2423 344 2497 Syria
358 2425 415 2484 alio
430 2425 528 2501 modo,
545 2424 630 2503 adipe
645 2427 738 2485 arium
754 2435 854 2486 corato
870 2435 900 2485 ut
914 2425 1056 2502 dicemus,
1075 2428 1123 2489 ad·

129 2505 195 2566 ditis
210 2508 419 2587 erysisceptro,
437 2508 645 2585 xylobalsamo,
662 2508 804 2587 phoenice
820 2509 908 2586 elate,
919 2512 986 2570 item
999 2510 1123 2587 calamo,
1165 2537 1169 2549 ·

129 2591 307 2667 singulorum
319 2592 448 2669 pondere
460 2592 538 2671 quod
552 2592 589 2650 sit
601 2592 705 2671 adipis,
715 2592 782 2650 vino
795 2591 841 2652 bis
854 2601 901 2653 aut
912 2601 958 2652 ter
971 2592 1125 2654 subferve-

129 2673 245 2733 iactum.
275 2674 307 2734 lit
326 2685 422 2735 autem
443 2674 554 2751 hieme,
578 2676 711 2753 quoniam
729 2685 841 2735 aestate
863 2693 922 2735 non
942 2676 1050 2753 glaciat
1069 2677 1125 2737 nisi

130 2766 253 2834 accepta
269 2774 353 2817 cera,
372 2757 459 2818 llulta
474 2769 628 2838 praeterea
642 2758 769 2819 remedia
784 2767 849 2818 sunt
865 2777 902 2818 ex
917 2777 1030 2837 ansere,
1046 2759 1156 2838 qnodtt

131 2839 219 2897 miror
239 2857 331 2918 aeque
353 2858 435 2918 quarn
456 2841 634 2918 Panchaica,
654 2860 776 2920 namque
790 2860 876 2902 anser
898 2860 1065 2921 corvosque
1088 2842 1125 2905 ab

129 2929 241 2980 aestate
256 2924 284 2981 in
299 2932 458 2985 autumnum
475 2925 577 2986 morbo
593 2924 752 2985 conflictari
768 2925 910 2985 dicuntur.

88 3013 121 3070 tl
183 3005 213 3064 4.
238 3004 320 3088 (14.)
342 3006 386 3068 Ile
403 3027 535 3069 anserum
549 3009 661 3069 bonore
680 3026 763 3087 quem
779 3026 912 3069 meruere
933 3007 1083 3069 Gallorum
1096 3010 1125 3070 in

98 3106 121 3143 o
139 3105 160 3141 u
177 3085 351 3168 Capitolium
365 3093 505 3152 adscensu
517 3090 701 3170 deprehenso
714 3092 844 3152 diximus.
868 3093 969 3153 eadem
984 3092 1022 3152 de
1037 3110 1125 3153 causa

131 3172 273 3250 supplicia
286 3192 376 3235 annua
388 3193 475 3236 canes
485 3174 611 3253 pendunt
624 3175 699 3234 inter
712 3176 811 3235 aedem
822 3175 980 3236 Iuventatis
997 3184 1027 3235 et
1042 3178 1123 3236 Sum·
1132 3192 1158 3236 at

130 3256 203 3314 mani
226 3256 284 3315 viri
311 3259 339 3317 in
361 3259 442 3318 lurca
468 3257 595 3317 sabucea
625 3276 704 3318 armo
732 3259 791 3318 lixi.
827 3259 881 3318 sed
903 3258 987 3337 plura
1006 3257 1044 3318 de
1064 3258 1126 3319 hoc

87 3347 122 3400 58
132 3337 243 3403 animali
259 3339 316 3398 dici
333 3348 438 3417 cogunt
454 3343 616 3419 priscorum
631 3359 738 3401 mores.
762 3340 883 3402 Catulos
898 3341 1032 3401 lactentis
1049 3341 1125 3401 adeo

129 3436 218 3498 puros
243 3423 442 3483 existimabant
468 3423 503 3483 ad
525 3423 618 3484 cibum
641 3434 671 3485 ut
692 3427 778 3486 etiarn
792 3423 942 3505 placandis
962 3423 1127 3484 numinibus
