2400 3840
129 199 169 260 68
439 207 470 256 o.
492 209 589 258 entur
611 208 761 258 aeonum

128 365 218 426 vanda
232 365 292 425 vita
310 379 407 423 mores
425 361 545 441 absunt,
560 381 754 443 summumque
777 381 853 442 opus
871 365 1055 442 ingeniorum
1072 367 1121 428 diu

127 449 182 508 iam
194 448 250 509 lroc
264 449 318 510 luit
335 453 366 504 ut
381 446 456 506 intra
473 464 701 525 unumquemque
717 455 799 508 recte
813 447 889 507 lacta
907 456 1039 509 veterum
1054 469 1121 529 per-

126 533 211 592 irent.
250 539 290 609 at,
310 529 470 606 Hercules,
494 529 607 608 singula
627 530 765 609 quosdam
790 532 908 591 inventa
928 532 1050 593 deorum
1070 553 1121 595 nu-

127 633 208 675 mero
223 613 370 690 addidere,
386 615 509 673 omnium
520 617 620 693 utique
635 615 721 673 vitam
731 613 887 674 clariorem
896 615 998 676 iecere
1010 633 1120 694 cogno

127 699 249 759 minibus
266 698 437 774 herbarum,
454 706 510 757 tam
526 697 653 774 benigne
668 699 790 775 gratiam
805 700 944 758 memoria
959 699 1145 762 relerentes

101 793 188 847 anon
210 800 303 861 aeque
323 780 397 840 liaeo
417 798 486 840 cura
504 799 604 841 eorum
617 783 689 840 mira
705 783 795 841 estin
810 780 854 840 luis
872 799 945 859 quae
962 791 1025 842 satu
1041 783 1121 844 blaa·

127 866 242 926 diuntur
258 873 305 924 aut
321 863 387 924 cibo
403 865 539 941 invitant,
558 864 679 925 culmina
698 880 813 944 quoque
834 866 972 925 montium
991 868 1070 926 invia
1090 877 1121 927 et

128 949 298 1009 solitudines
314 945 424 1006 abditas
441 949 591 1025 omnisque
607 955 704 1008 terrae
723 949 810 1008 libras
831 952 950 1010 scrutati
979 950 1120 1011 invenere

128 1032 195 1109 quid
212 1049 344 1110 quaeque
360 1030 441 1090 radix
456 1031 595 1109 polleret,
606 1030 642 1090 ad
653 1049 727 1111 quos
745 1050 814 1092 usos
828 1030 981 1093 herbarum
992 1033 1040 1092 lila
1052 1052 1120 1113 per·

127 1117 270 1192 tinerent,
287 1117 373 1174 etiam
395 1113 600 1194 quadripedum
620 1114 727 1192 pabulo
749 1116 906 1176 intacta-ad
927 1115 1028 1176 salutis
1048 1134 1118 1177 usus
1129 1136 1153 1178 ιι

126 1205 286 1259 vertentes.

100 1294 118 1344 4
190 1281 217 1342 2.
240 1282 299 1362 (2.)
329 1280 422 1342 llinus
449 1281 505 1342 lroc
532 1299 614 1360 quam
642 1300 695 1362 par
721 1288 783 1343 erat
808 1284 902 1342 nostri
926 1282 1119 1346 celebravere

129 1368 252 1426 omnium
270 1366 434 1426 utilitatium
445 1375 475 1426 ct
486 1368 623 1427 virtutum
639 1367 828 1445 rapacissimi,
845 1367 1012 1443 primusque
1030 1367 1120 1428 etdiu

127 1451 207 1509 solus
227 1449 304 1510 idem
319 1449 370 1510 ille
387 1447 425 1509 ll.
443 1447 533 1526 Cato,
552 1453 675 1511 omnium
690 1451 828 1510 bonarum
844 1451 947 1509 artium
968 1451 1119 1528 magister,

127 1536 226 1612 paucis
245 1533 389 1593 dumtaxat
407 1534 521 1610 attigit,
543 1535 630 1594 boum
651 1536 736 1594 etiam
757 1532 897 1593 medicina
920 1551 979 1593 noa
1000 1536 1152 1596 omissam

127 1625 195 1694 post
217 1634 282 1675 eum
304 1635 376 1675 nnus
399 1615 561 1676 inlustrium
583 1619 733 1695 temptavit
749 1614 780 1676 G.
804 1615 927 1693 Valgius
953 1617 1118 1678 eruditione

128 1707 276 1776 spectatus
292 1698 456 1777 inperfecto
472 1699 618 1760 volumine
633 1700 668 1759 ad
680 1699 776 1759 divom
790 1699 968 1776 Augustum,
984 1700 1118 1761 inchoata

129 1784 215 1841 etiarn
230 1782 413 1860 praelatione
428 1781 568 1859 religiosa
583 1792 614 1842 ut
632 1783 763 1842 omnibus
785 1781 866 1842 malis
888 1782 1017 1843 humanis
1038 1783 1117 1846 illius

126 1867 307 1944 potissimum
322 1865 461 1943 principis
478 1884 595 1943 semper
610 1865 775 1927 mederetur
790 1866 935 1925 maiestas.

42 1958 43 1961 ’
98 1964 116 2014 5
190 1949 249 2028 (3.)
280 1949 376 2008 Antea
390 1948 558 2031 condiderat
570 1950 650 2010 solus
666 1948 740 2028 apud
754 1967 824 2025 nos,
841 1947 918 2027 quod
930 1950 1064 2028 equidem
1077 1953 1118 2010 in·
1127 1975 1152 2016 ιι

127 2035 251 2110 veniam,
268 2032 423 2111 Pompeius
438 2030 568 2093 Lenaeus
583 2032 680 2111 llagni
691 2032 824 2108 libertus,
840 2049 897 2109 quo
912 2035 1032 2111 primum
1047 2042 1118 2094 tem·

128 2115 291 2193 porclano
311 2117 460 2176 scientiam
482 2115 654 2177 adnostros
676 2117 848 2195 parvenisse
872 2117 966 2176 animo
986 2115 1115 2177 adverto.

128 2216 249 2276 namque
260 2198 459 2275 Mithridates,
485 2217 631 2259 maxumus
652 2217 703 2259 sua
718 2207 814 2258 aetate
834 2216 936 2276 regum
961 2217 1047 2279 quem
1069 2200 1118 2260 de·

128 2281 249 2341 bellavit
265 2281 438 2359 Pompeius,
454 2285 578 2342 omnium
601 2291 668 2343 ante
691 2301 724 2341 se
743 2284 907 2359 genitorum
928 2282 1118 2360 diligentissi-

128 2384 189 2424 mus
204 2366 282 2424 vitae
300 2366 392 2424 luisse
407 2367 584 2442 argumentis
607 2373 812 2444 praeterquam
831 2367 904 2425 lama
923 2365 1115 2444 intellegitur.
1126 2391 1151 2432 ιι

128 2451 176 2507 uni
194 2450 221 2509 ei
237 2450 434 2525 excogitatum
455 2450 563 2510 cotidie
580 2467 724 2510 venenum
739 2448 843 2509 bibere
861 2452 1056 2528 praesumptis
1072 2469 1118 2510 re·

100 2532 229 2597 emediis
246 2540 277 2591 ut
295 2532 503 2594 consuetudine
516 2535 580 2613 ipsa
601 2533 748 2593 innoxium
769 2532 862 2592 lieret.
892 2535 985 2611 primo
1000 2535 1119 2595 inventa

127 2634 236 2694 genera
262 2615 382 2676 antidoti
407 2635 445 2676 ex
465 2617 568 2695 quibus
586 2636 671 2677 unum
695 2617 780 2676 etiam
797 2633 902 2676 nomen
922 2619 985 2676 eius
999 2617 1116 2677 retinet.

129 2699 207 2759 illius
222 2702 368 2759 inventum
386 2703 554 2776 sanguinem
569 2710 681 2760 anatum
696 2699 879 2760 Ponticarum
900 2702 1024 2761 miscere
1045 2701 1116 2760 anti-

128 2782 223 2857 dotis,
243 2785 376 2859 quoniam
390 2800 505 2842 veneno
520 2785 662 2844 viverent.
696 2781 731 2842 ad
752 2782 831 2842 illum
852 2782 1036 2861 Asclepiadis
1057 2801 1151 2843 meac

128 2864 212 2924 doadi
231 2872 293 2925 arte
309 2865 378 2923 clari
392 2864 535 2926 volumina
551 2867 703 2944 conposita
719 2872 849 2943 exstant,
865 2884 929 2926 cum
944 2866 1117 2927 sollicitatus

129 2965 167 3007 ex
181 2947 252 3006 urbe
268 2946 361 3007 Roma
375 2957 534 3027 praecepta
549 2967 603 3027 pro
621 2968 654 3011 se
669 2951 807 3009 mitteret.
842 2949 922 3010 illum
934 2949 1026 3011 solum
1041 2968 1117 3010 mor·

129 3030 226 3089 talium
255 3032 354 3108 viginti
381 3031 490 3092 duabus
511 3032 618 3110 linguis
638 3032 765 3093 locutum
792 3042 902 3094 certum
921 3043 982 3111 est,
1010 3053 1065 3096 nec
1080 3033 1116 3093 de

129 3113 268 3175 subiectis
285 3115 422 3191 gentibus
437 3115 525 3177 ullum
540 3116 684 3178 hominem
699 3134 752 3196 per
775 3120 967 3197 interpretem
989 3118 1117 3198 appella·

99 3210 188 3268 atum
208 3198 243 3258 ab
264 3215 301 3258 eo
319 3200 399 3264 annis
420 3197 485 3259 LVI
507 3201 609 3278 quibus
633 3203 774 3279 regnavit.
806 3203 831 3260 is
855 3217 928 3279 ergo
952 3202 1065 3281 reliqua
1085 3202 1151 3261 inas

128 3285 226 3361 ingeni
253 3280 448 3360 magnitudine
473 3283 632 3346 medicinae
657 3285 845 3366 peculiariter
866 3289 999 3347 curiosus
1024 3294 1055 3348 et
1079 3285 1115 3345 ab

129 3369 259 3430 omnibus
276 3367 436 3443 subiectis,
454 3369 501 3446 qui
516 3369 600 3429 luere
620 3385 722 3448 magna
733 3387 801 3448 pars
822 3377 980 3448 terrarum,
1003 3369 1116 3448 singula

128 3456 284 3533 exquirens
296 3453 431 3512 scrinium
445 3455 714 3513 commentationum
728 3452 826 3514 harum
838 3462 868 3519 et
883 3455 1060 3534 exemplaria
1074 3454 1116 3515 el-
