2400 3840
134 186 193 251 162
453 197 483 245 c.
505 198 600 245 emm
622 197 772 246 sueonos

131 352 226 432 lapide
240 351 288 411 vel
302 352 402 412 missili
425 370 463 412 ex
476 351 520 412 bis
536 353 584 430 qui
598 354 652 412 tria
667 351 796 412 animalia
812 349 931 426 singulis
954 346 1059 407 ictibus
1080 348 1121 408 in·

88 436 318 511 stterleoerint,
342 435 500 512 bominem,
522 452 640 514 aprum,
661 453 768 494 ursum.
801 432 979 511 probabilius
1000 430 1030 490 id
1051 430 1122 490 iacit

129 519 211 580 basta
228 518 356 578 velitaris
373 518 474 578 evolsa
491 521 606 596 corpori
624 517 761 593 bominis,
781 519 805 576 si
824 524 930 576 terram
943 531 1002 574 non
1018 515 1121 591 attige-

128 604 174 662 rit.
203 602 322 662 eosdem
336 603 409 661 enim
425 601 512 661 inlata
528 602 648 661 ellectus
667 600 764 661 babet.
800 601 844 658 sio
865 608 894 658 et
920 599 1042 675 sagittas
1056 613 1121 657 cor·

129 687 194 764 pori
209 686 344 760 eductas,
371 686 395 744 si
415 693 521 743 terram
536 700 593 743 non
607 685 770 761 attigerint,
785 683 932 742 subiectas
952 679 1149 740 cubantibuss

128 770 294 830 amatorium
310 785 376 826 esse
392 766 525 845 Orpbeus
541 777 571 827 et
586 767 749 827 Archelaus
763 766 908 840 scribunt,
931 765 998 843 quin
1019 773 1048 822 et
1071 780 1121 822 co·

128 852 243 912 mitialis
263 850 381 909 morbos
401 853 497 909 sanari
522 850 588 910 cibo
613 869 629 910 e
653 868 740 910 carne
766 850 848 908 ferae
877 848 995 907 occisae
1018 847 1123 907 eodem

129 935 209 994 ierro
226 950 282 1011 quo
297 933 383 1009 bomo
397 933 567 993 interiectus
580 936 626 993 sit.
654 934 835 1008 Quorundam
848 940 947 1011 partes
960 929 1121 990 medicinae

107 1037 127 1078 r,
137 1036 162 1071 sc
173 1024 247 1090 sunt,
264 1017 348 1075 sicuti
363 1016 484 1075 diximus
499 1017 535 1076 de
550 1016 652 1091 Pyrrhi
667 1018 749 1093 regis
762 1016 881 1094 pollice,
899 1022 928 1073 et
942 1012 1027 1074 Elide
1042 1013 1121 1072 sole·

130 1098 178 1156 bat
191 1099 302 1158 ostendi
310 1098 429 1178 Pelopis
438 1117 480 1176 os,
496 1099 580 1159 ulnae
593 1100 654 1159 eius
662 1118 745 1179 quam
753 1099 907 1158 eburneam
920 1095 1119 1157 adfirmabant.
1130 1111 1154 1155 rt

130 1180 248 1240 Naevos
263 1183 290 1240 in
305 1182 381 1242 iacis
398 1183 519 1243 tondere
535 1183 704 1260 religiosum
719 1181 826 1242 babent
841 1184 926 1240 etiam
940 1198 1016 1240 nuno
1030 1179 1121 1239 multi.

87 1277 121 1331 35
196 1264 258 1343 (7.)
282 1264 409 1325 Omnium
428 1283 499 1327 vero
516 1268 543 1325 in
559 1267 658 1345 primis
673 1266 795 1325 ieiunam
812 1265 930 1325 salivam
947 1272 1121 1323 contruser-

108 1371 127 1410 τ,
138 1367 161 1402 a
172 1350 266 1427 pontis
282 1350 427 1428 praesidio
444 1368 511 1410 esse
526 1349 691 1425 docuimus,
708 1349 761 1408 sed
777 1357 806 1407 et
822 1348 896 1408 alios
912 1347 1043 1407 ellicacis
1059 1346 1122 1406 eius
1193 1346 1197 1419 l

129 1450 196 1491 usus
210 1442 407 1510 recognoscat
419 1434 487 1493 ritu.
519 1432 683 1511 despuimus
697 1431 848 1492 comitialis
863 1430 992 1504 morbos,
1007 1429 1065 1489 boe
1077 1437 1122 1488 est

130 1518 262 1592 contagia
279 1518 451 1593 regarimus.
482 1516 566 1576 simili
581 1516 667 1576 modo
683 1524 712 1576 et
732 1516 938 1576 fascinationes
960 1513 1119 1592 repercuti·
1131 1528 1154 1569 us

128 1613 190 1657 mos
207 1598 384 1676 dextraeque
403 1599 563 1658 clauditatis
582 1616 742 1662 occursum.
765 1600 877 1658 veniam
893 1614 1010 1676 quoque
1025 1613 1042 1657 a
1058 1594 1121 1654 deis

87 1690 121 1745 36
133 1683 198 1758 spei
223 1680 342 1739 alicuius
362 1681 523 1740 audacioris
547 1683 669 1759 petimus
688 1684 716 1741 in
735 1683 826 1741 sinum
848 1681 989 1759 spuendo.
1019 1679 1121 1738 eadem

129 1763 241 1823 ratione
260 1771 340 1823 terna
359 1763 503 1842 despuere
519 1765 736 1843 praedicatione
759 1768 787 1825 in
810 1767 886 1824 omni
901 1763 1042 1824 medicine
1055 1778 1121 1821 mos

130 1855 190 1920 est,
217 1854 303 1923 atque
328 1847 367 1906 ita
390 1847 511 1906 effectus
526 1847 679 1923 adiuvare,
702 1849 865 1927 incipientis
886 1845 1055 1909 furunculos
1074 1853 1122 1904 ter

129 1930 316 2009 praesignare
330 1931 425 1990 ieiuna
443 1930 543 1991 saliva.
575 1933 673 1990 mirum
688 1931 824 2007 dicimus,
846 1931 898 1990 sed
919 1930 1155 2007 experimentum

128 2013 230 2074 facile:
255 2013 279 2072 si
295 2032 379 2093 quem
394 2015 539 2091 paeniteat
554 2015 628 2074 ictus
647 2016 756 2074 eminus
774 2015 970 2074 comminusve
988 2012 1068 2073 inlati
1091 2020 1123 2070 et

128 2099 222 2157 statim
237 2107 360 2175 exspuat
372 2100 400 2157 in
414 2097 536 2157 mediam
552 2114 663 2157 manum
681 2116 737 2176 qua
753 2099 907 2175 percussit,
924 2097 1037 2156 levatur
1050 2095 1120 2154 ilico

128 2180 156 2237 in
172 2197 314 2257 percusso
332 2180 426 2257 culpa.
457 2179 515 2239 boc
538 2197 628 2260 saepe
642 2179 804 2240 delumbata
822 2178 1000 2259 quadripedo
1015 2177 1120 2256 adpro·

85 2270 118 2324 37
128 2261 212 2321 batur
231 2264 326 2320 statim
341 2281 358 2322 a
375 2261 424 2322 tali
437 2263 568 2322 remedio
584 2273 719 2323 correcto
735 2264 865 2324 animalis
878 2267 1023 2340 ingressu.
1059 2263 1120 2339 qui·

128 2344 192 2404 dam
205 2361 277 2403 vero
293 2345 451 2422 adgravant
467 2347 542 2405 ictus
558 2356 624 2407 ante
638 2357 769 2406 conatum
784 2348 868 2406 simili
883 2346 969 2406 modo
984 2344 1077 2406 saliva
1091 2345 1154 2404 inas

126 2445 237 2488 manum
251 2428 374 2505 ingesta.
398 2429 548 2489 credamus
559 2447 631 2508 ergo
647 2438 677 2489 et
692 2428 822 2490 lichenas
833 2431 990 2509 leprasque
1007 2429 1121 2489 ieiunae
1194 2492 1197 2503 ,

126 2512 205 2572 inlitu
223 2511 341 2572 adsiduo
356 2514 464 2589 arceri,
486 2515 554 2574 item
568 2512 754 2593 lippitudines
769 2515 904 2574 matutina
919 2512 1025 2573 cotidie
1040 2511 1122 2572 velut

127 2597 302 2673 inunctione,
318 2598 510 2657 carcinomata
526 2598 602 2657 malo
617 2606 714 2657 terrae
729 2596 865 2672 subacto,
891 2597 1016 2657 cervicis
1037 2593 1120 2655 dolo·

125 2698 174 2738 res
200 2679 290 2740 saliva
315 2681 402 2740 ieiuni
421 2680 523 2740 dextra
544 2697 628 2740 manu
648 2679 684 2740 ad
705 2680 836 2740 dextrum
856 2680 996 2758 poplitem
1017 2678 1120 2755 relata,

126 2761 209 2821 laeva
227 2763 263 2822 ad
282 2764 435 2839 sinistrum,
450 2764 475 2822 si
491 2762 569 2841 quod
583 2764 686 2823 animal
698 2779 795 2822 aurem
804 2763 954 2824 intraverit
962 2770 992 2822 et
1001 2763 1154 2841 iaspua·⁸⁰

85 2851 181 2920 astur,
194 2845 285 2904 exire.
310 2848 384 2904 inter
396 2844 518 2904 amuleta
531 2854 576 2905 est
591 2844 686 2906 editae
701 2862 844 2923 quemque
857 2847 957 2906 urinae
969 2847 1119 2924 inspuere,

127 2926 257 2986 similiter
275 2928 303 2985 in
327 2927 545 2986 calciamentum
567 2927 660 2987 dextri
680 2928 763 3006 pedis
787 2930 953 3007 priusquam
976 2927 1119 3002 induatur,

126 3008 194 3068 item
209 3026 272 3067 cum
288 3011 352 3086 quis
366 3019 495 3069 transeat
509 3010 606 3070 locum
622 3013 650 3071 in
666 3029 722 3090 quo
738 3011 855 3090 aliquod
867 3011 1026 3091 periculum
1041 3010 1119 3071 adie-

127 3093 172 3152 rit.
204 3091 334 3153 Marcion
348 3092 539 3170 Zmyrnaeus,
563 3095 611 3173 qui
628 3095 664 3154 de
679 3093 859 3174 simplicibus
875 3093 1026 3155 effectibus
1047 3095 1119 3154 seri·

117 3178 194 3255 psit,
209 3177 301 3254 rumpi
317 3176 527 3254 scolopendras
541 3179 663 3239 marinas
680 3187 765 3257 sputo
785 3178 886 3254 tradit,
910 3181 978 3239 item
999 3176 1153 3238 rubetasst
1196 3198 1198 3205 ·

126 3260 253 3337 aliasqac
265 3277 360 3336 ranas,
379 3259 490 3338 Opilius
504 3262 659 3339 serpentis,
675 3262 700 3320 si
717 3264 780 3341 quis
795 3263 824 3320 in
838 3261 944 3321 hiatum
956 3278 1054 3321 earum
1069 3279 1119 3320 ex·

125 3353 222 3421 spuat,
240 3344 329 3422 Salpe
347 3352 496 3423 torporem
516 3344 610 3404 sedari
626 3362 808 3424 quocumque
821 3344 949 3405 membro
971 3350 1118 3423 stupente,

125 3426 150 3486 si
165 3427 272 3504 quirin
286 3429 376 3486 sinum
392 3437 513 3506 exspuat
528 3436 576 3488 aut
592 3430 617 3487 si
639 3430 772 3508 superior
792 3427 933 3508 palpebra
948 3427 1039 3487 saliva
1056 3436 1118 3488 tan.-
1195 3416 1198 3487 l

1195 3522 1198 3631 l
