2400 3840
273 219 354 267 nnn.
374 217 467 267 11111.
486 212 596 265 xxnu.
618 207 660 261 lo.
683 208 725 287 lu.
745 201 915 282 (oa—101.)
1048 202 1086 267 01

157 374 239 453 (96.)
267 370 493 433 Pseudobunion
512 367 673 447 napi-‘folia
692 366 796 445 habet,
824 370 961 437 fruticans
981 367 1067 449 palmi
1080 381 1131 435 163

97 457 265 532 altitudine,
289 455 481 516 laudatissima
502 449 646 513 increta.
684 460 785 513 contra
801 454 939 530 tormina,
956 461 1088 530 strangu-

97 542 186 615 riam,
199 538 325 600 ·laterum
341 537 635 617 praecordiorumque
650 534 769 595 dolores
786 535 923 596 bibuntur
937 537 1006 606 rami
1024 537 1087 607 cius

97 641 176 702 quim
193 641 305 683 scurve.

72 742 86 783 5
158 704 240 785 (97.)
269 702 411 783 lllyrrhis,
430 722 513 783 quam
529 704 577 765 alii
591 701 771 783 myrrhizan,
791 704 839 765 alii
861 705 995 781 myrrham
1015 714 1130 768 11-154

97 797 179 868 caut,
205 788 348 849 simillima
368 797 414 851 est
434 788 545 849 cicutae
564 787 647 848 caule
667 787 805 866 foliisque
828 797 857 848 et
872 787 962 866 llore,
993 789 1087 851 minor

98 881 205 941 tantum
222 880 251 932 et
267 872 390 949 exilior,
405 871 471 933 cibo
488 889 546 932 non
562 872 697 931 insuavis.
728 874 787 931 clet
809 880 956 934 menstrua
975 880 1006 933 et
1021 889 1085 950 par·

97 964 143 1015 tus
160 973 224 1016 cum
239 956 316 1015 vino.
348 955 426 1015 aiunt
449 954 569 1014 eandem
589 962 687 1033 potam
702 957 732 1013 iu
746 954 915 1032 pestilentia
931 954 1087 1017 salutarem

98 1057 177 1099 csse.
207 1038 342 1098 subvenit
368 1046 398 1097 et
411 1037 564 1116 phthisicis
583 1038 613 1096 in
634 1037 798 1098 sorbitione
815 1038 887 1099 data.
921 1038 1088 1099 aviditatem

61 1121 155 1197 ¹iocibi
180 1121 266 1199 iacit,
287 1119 505 1200 phalangiorum
523 1137 637 1181 morsus
659 1122 822 1199 restinguit.
857 1121 955 1183 ulcera
972 1139 1087 1200 quoque

96 1206 126 1265 in
152 1205 227 1264 iacie
254 1211 302 1263 aut
331 1205 427 1282 capite
454 1221 538 1263 sucus
566 1205 629 1263 eius
657 1205 687 1262 in
715 1221 787 1282 aqua
808 1204 903 1265 triduo
927 1214 1088 1265 maceratae

97 1294 188 1350 sanat.

159 1367 240 1451 (98.)
273 1367 482 1431 Ocnobreches
503 1368 574 1429 folia
595 1368 682 1430 lentis
696 1368 801 1446 habet,
818 1369 952 1447 longiora
969 1370 1067 1453 paulo,
1079 1381 1129 1449 115

98 1454 201 1515 horem
225 1454 395 1531 rubentem,
419 1452 545 1513 radicem
566 1454 700 1531 exiguam
725 1461 755 1512 et
780 1452 926 1530 gracilem.
962 1455 1089 1514 nascitur

63 1539 177 1599 aecirca
192 1537 290 1598 tontis.
321 1538 430 1597 siccata
448 1537 478 1596 in
494 1536 604 1596 tarinae
623 1535 736 1596 modum
753 1544 782 1596 et
794 1537 927 1615 inspersa
940 1539 1008 1597 vino
1020 1535 1087 1596 albo

98 1622 277 1698 strangurias
293 1621 365 1697 linit,
380 1618 475 1681 alvom
492 1620 578 1680 sistit.
598 1637 682 1681 sucus
699 1619 760 1679 cius
777 1621 925 1699 perunctis
940 1638 1004 1681 cum
1018 1619 1087 1680 oleo

98 1703 221 1764 sudores
238 1712 345 1764 movet.

163 1788 211 1847 17.
235 1787 317 1867 (99.)
349 1787 382 1848 lu
397 1788 542 1865 promisso
566 1785 720 1848 herbarum
745 1786 916 1848 mirabilium
942 1786 1130 1851 occurrit156

98 1869 193 1948 aliqua
208 1870 308 1930 dicare
328 1878 359 1930 et
376 1869 412 1929 de
427 1867 558 1947 Magicis.
591 1887 664 1947 qnae
681 1873 757 1930 enirn
772 1867 987 1933 mirabiliores?
1003 1869 1087 1948 primi

62 1971 150 2014 aoeas
165 1954 312 2013 innostro
330 1953 404 2014 orbe
420 1952 610 2013 celebravere
631 1951 811 2031 Pythagoras
831 1962 918 2033 atque
940 1952 1088 2014 Democri-

99 2044 157 2113 tus,
171 2037 330 2097 conscctati
345 2033 458 2113 blagos.
477 2033 633 2095 Coracesia
645 2041 674 2094 et
689 2034 789 2096 calicia
795 2035 975 2114 Pythagoras
987 2053 1088 2113 aquam

98 2120 219 2197 glaciari
234 2117 339 2195 tradit,
365 2136 484 2196 quarum
497 2119 673 2179 mentionem
696 2119 770 2197 apud
785 2119 859 2179 alios
879 2137 937 2180 non
958 2120 1088 2201 reperio,

99 2221 155 2263 nec
173 2202 248 2282 apud
264 2221 329 2263 curu
344 2200 399 2263 alia
414 2201 450 2262 dc
465 2201 518 2261 his.

163 2285 263 2366 (100.)
275 2285 354 2347 ldem
360 2284 492 2361 blinpada
504 2282 633 2363 appellat
645 2285 798 2347 etnomine
810 2285 868 2347 alio
878 2283 1065 2365 Corinthiam,
1079 2296 1130 2352 lat

61 2372 180 2449 aeonius
199 2368 323 2430 decocto
340 2370 369 2429 in
385 2386 458 2446 aqua
475 2385 545 2427 suco
557 2369 689 2445 protinus
704 2371 798 2430 sanari
815 2369 889 2430 ictus
899 2371 1088 2448 serpentium,

100 2455 125 2514 si
140 2454 312 2529 foveantur,
330 2453 406 2513 dicit.
442 2450 563 2512 eandem
575 2449 694 2510 effusam
708 2453 739 2511 in
752 2451 871 2512 herbam
890 2455 938 2530 qui
960 2454 1088 2530 vestigio

100 2538 277 2614 contigerint
297 2544 344 2596 aut
365 2537 444 2596 torte
461 2549 618 2612 respersos
644 2534 795 2594 insanabili
810 2533 871 2595 leto
886 2537 996 2613 perire,
1011 2552 1089 2596 mon-

100 2620 209 2679 strifica
223 2636 345 2697 prorsus
359 2626 460 2679 natura
476 2617 582 2677 veneni
592 2623 801 2694 'praeterquam
818 2625 918 2678 contra
937 2635 1058 2678 venena.

163 2702 265 2782 (101.)
299 2702 346 2762 Ab
362 2700 466 2762 eodem
480 2699 646 2777 Pythagora
657 2700 775 2777 aproxis
790 2699 954 2779 appellatur
976 2699 1067 2763 herba
1079 2712 1131 2767 158

61 2787 183 2847 aocuius
214 2783 296 2847 radix
324 2804 341 2846 e
367 2785 525 2862 longinquo
546 2783 690 2860 concipiat
711 2783 789 2860 ignis
823 2791 854 2844 ut
875 2784 1016 2863 naphtha,
1051 2785 1088 2845 de

102 2871 201 2949 quain
218 2878 315 2931 terrae
330 2866 474 2928 miraculis
489 2866 618 2927 diximus.
635 2865 711 2927 idem
726 2865 823 2945 tradit,
831 2868 879 2946 qui
890 2868 982 2928 morbi
998 2869 1047 2928 hu·
1068 2885 1129 2930 afim

101 2970 185 3014 mano
212 2953 330 3030 corpori
355 2949 507 3011 inciderint
530 2948 654 3010 florente
672 2949 812 3027 brassica,
830 2952 957 3028 quamvis
973 2961 1088 3012 sanatos

39 3036 42 3045 '
102 3036 326 3097 admonitionem
338 3052 438 3095 corum
453 3035 575 3109 sentire,
590 3031 636 3111 *³3
650 3035 786 3112 quotiens
797 3033 921 3094 lloreutc
933 3036 1089 3096 acciderint

103 3121 299 3180 autirumento
312 3127 361 3178 aut
375 3119 467 3177 cicuta
475 3124 523 3177 aut
534 3115 612 3176 viola
621 3117 743 3177 similem
758 3116 952 3178 conditionem
967 3118 1086 3178 habere.

64 3226 94 3268 as
103 3221 157 3264 neo
171 3221 217 3263 me
231 3201 305 3263 lallit
322 3200 379 3260 hoc
392 3200 526 3260 volumen
538 3201 601 3259 eius
616 3217 632 3259 1
644 3199 812 3277 quibusdam
824 3198 998 3278 Cleemporo
1010 3219 1068 3259 me·
1080 3213 1130 3267 159

103 3285 169 3347 dico
184 3285 321 3361 adscribi,
341 3300 415 3343 vero
429 3281 613 3359 Pythagorae
628 3284 764 3361 pertinax
780 3284 854 3344 iarna
876 3285 1088 3362 antiquitasque

102 3369 255 3430 vindicant.
290 3377 319 3428 et
340 3365 370 3427 id
388 3369 483 3447 ipsum
503 3367 704 3426 auctoritatem
724 3367 898 3427 voluminum
923 3366 1033 3442 adfert,
1062 3369 1087 3427 si

102 3455 167 3530 quis
183 3453 256 3513 alius
272 3469 358 3513 curae
380 3468 450 3511 suac
471 3467 544 3529 opus
567 3449 620 3510 illo
637 3451 700 3510 viro
717 3449 835 3530 dignum
851 3448 1108 3524 medicanimum
