2400 3840
123 185 159 248 16
443 199 581 250 onmru
595 199 745 247 sncuuor
806 226 808 231 .

120 353 251 414 cauliculi
267 353 509 429 efflorescentes,
530 361 561 411 ut
576 354 648 413 cinis
665 353 748 432 spodi
764 354 857 412 vicem
871 360 1020 430 praestet,
1043 354 1126 413 vino·

121 456 177 516 quc
199 437 295 497 inluso
318 438 422 497 iterum
444 438 544 496 uritur.
584 439 808 515 suppurationes
833 445 863 496 et
886 453 978 515 panos
1001 436 1125 497 inlinunt

122 524 221 580 cinere
243 537 280 581 eo
295 521 344 581 uel
364 519 444 581 toliis
466 520 557 580 tunsis
573 538 637 580 cum
656 520 752 581 melle.
787 519 890 580 oculos
904 536 977 579 vero
994 538 1058 579 cum
1073 537 1125 598 po·

122 605 209 665 lenta.
248 622 333 664 sucus
355 604 467 664 fruticis
489 605 618 664 recentis
639 606 753 665 accensi
772 602 923 664 destillans
938 612 1020 664 sanat
1036 603 1126 665 liche-

79 699 114 754 Π
126 707 193 764 nas,
208 688 352 764 furfures,
368 689 509 748 manantia
527 687 633 748 ulcera.
665 706 729 747 nam
744 688 859 748 lacrima
878 705 951 765 qnae
967 705 1005 746 ex
1016 687 1147 748 arbores

122 776 186 852 ipsa
208 771 353 848 destillat,
378 766 572 849 Aethiopicae
592 789 721 832 maxume
738 771 840 848 oleae,
864 772 960 830 mirari
977 772 1049 831 satis
1067 788 1126 832 non

123 865 169 917 est
183 863 320 933 repertos
336 857 384 933 qui
400 855 527 915 dentium
545 855 665 916 dolores
684 854 848 916 inlinendos
865 862 1022 914 censerent
1037 872 1126 916 uene·

123 958 189 999 num
202 958 270 999 esse
286 938 506 1016 praedicantes,
524 947 610 1016 atque
626 939 713 1000 etiam
728 941 758 998 in
775 938 905 999 oleastro
921 937 1124 1016 quaerendum.

124 1042 141 1084 e
156 1023 252 1082 radice
267 1021 351 1082 oleae
368 1040 451 1100 quam
468 1024 642 1083 tenerrimae
654 1031 759 1083 cortex
772 1022 893 1082 derasus
908 1023 937 1081 in
948 1021 1005 1081 mel
1017 1021 1124 1081 crebro

123 1113 241 1184 gustatu
263 1105 396 1166 medetur
418 1108 587 1183 sanguinem
602 1105 792 1171 reicientibus
808 1114 838 1165 et
853 1113 1009 1184 suppurata
1027 1113 1125 1165 extus·
1137 1118 1160 1159 ro

124 1189 274 1250 aientibus.
306 1190 397 1267 ipsius
422 1189 507 1249 oleae
528 1190 600 1249 cinis
618 1207 682 1250 oum
695 1190 819 1266 axungia
836 1197 963 1248 tumores
979 1196 1060 1248 sanat
1075 1206 1125 1248 cx·

125 1273 270 1350 trahitque
285 1271 390 1332 tistulis
406 1274 476 1335 vitia
491 1281 521 1332 et
537 1274 616 1351 ipsas
632 1281 721 1334 sanat.

81 1409 116 1464 ’13
188 1398 270 1477 (36.)
315 1394 417 1458 Olivae
439 1397 523 1459 albae
547 1398 694 1460 stomacho
720 1397 872 1475 utiliores,
904 1397 998 1456 ventri
1023 1396 1124 1457 minus.

124 1482 303 1562 praeclarum
322 1481 429 1542 habent
447 1500 528 1541 usum
548 1490 702 1562 antequam
722 1481 893 1542 condiantur
907 1487 1050 1544 recentes
1070 1497 1125 1558 per

26 1598 30 1605 ·
124 1585 158 1626 se
182 1565 239 1624 cibi
261 1564 347 1624 modo
369 1565 537 1625 devoratae.
571 1566 722 1626 medentur
744 1567 820 1625 enim
834 1563 997 1624 harenosae
1012 1564 1125 1640 urinae,
1136 1578 1159 1618 rs

125 1651 193 1707 item
212 1647 347 1707 dentibus
363 1665 479 1707 carnem
492 1648 651 1708 mandendo
667 1651 772 1709 attritis
788 1657 835 1707 ant
850 1646 1008 1708 convolsis.
1042 1649 1126 1725 nigra

126 1731 201 1791 oliva
225 1730 372 1790 stomacho
392 1729 538 1808 inutilior,
563 1734 658 1791 ventri
675 1732 810 1808 lacilior,
829 1732 934 1810 capiti,
958 1730 1049 1790 oculis
1068 1747 1126 1790 non

125 1813 269 1874 convenit.
300 1821 421 1891 utraque
437 1814 574 1875 ambustis
591 1817 713 1894 prodest
728 1817 839 1876 tritaet
856 1814 944 1874 inlita.
975 1812 1028 1874 sed
1043 1815 1126 1891 nigra

125 1895 384 1974 commanducatur,
418 1905 448 1957 et
468 1900 599 1976 protinus
623 1917 661 1959 ex
684 1917 736 1960 ore
757 1900 884 1977 inposita
906 1896 1023 1977 pusulas
1044 1898 1125 1975 gigni

124 1980 270 2060 prohibet.
301 1980 486 2057 colymbades
508 1982 625 2042 sordida
640 1984 738 2044 ulcera
754 1989 895 2061 purgant,
919 1979 1037 2042 inutiles
1053 1980 1161 2041 dili-2⁰

126 2063 280 2124 cultatibus
296 2067 404 2125 urinae.

82 2199 118 2254 74
187 2189 268 2267 (37.)
297 2189 341 2250 De
367 2208 480 2250 amurca
508 2199 675 2269 poteramus
703 2189 796 2250 videri
817 2189 888 2250 satis
909 2190 1020 2250 dixisse
1041 2187 1127 2250 Cato-

85 2271 225 2358 1ξ’(ξθιιιιιιι
242 2275 354 2350 secuti,
376 2275 429 2334 scd
444 2273 590 2334 reddenda
605 2272 765 2334 medicinae
781 2291 897 2352 quoque
914 2281 968 2333 est.
998 2274 1127 2351 gingivis

126 2364 156 2416 et
182 2357 241 2415 oris
265 2356 429 2433 ulceribus,
451 2357 579 2416 dentium
594 2357 744 2417 stabilitati
761 2357 962 2418 efficacissime
977 2356 1126 2434 subvenit,

125 2441 195 2500 item
219 2439 333 2516 ignibus
355 2442 445 2500 sacris
467 2441 561 2500 inlusa
578 2449 608 2501 et
623 2439 755 2518 hisquae
771 2449 900 2519 serpunt.
934 2441 1125 2519 pernionibus
1136 2458 1162 2497 as

125 2525 227 2601 nigrae
244 2523 344 2591 olivac¹
355 2536 468 2584 amurca
484 2523 601 2601 utilior,
619 2525 691 2584 item
707 2524 863 2584 infantibus
879 2524 1025 2600 lovendis,
1041 2523 1127 2584 albae

127 2624 198 2667 vero
214 2606 364 2667 mulierum
379 2606 483 2668 volvae
496 2610 526 2668 in
540 2608 604 2668 lana
616 2608 793 2668 admovetur.
819 2607 909 2667 multo
924 2615 1019 2666 autern
1034 2608 1127 2668 omnis

127 2707 239 2750 amurca
262 2691 383 2751 decocta
404 2692 560 2751 efficacior.
594 2693 728 2769 coquitur
743 2693 772 2751 in
788 2688 897 2769 Cyprio
914 2708 984 2751 vase
999 2691 1034 2750 ad
1048 2708 1126 2751 cras·

128 2771 281 2831 citudinem
301 2772 404 2832 mellis.
441 2792 510 2833 usus
534 2776 597 2834 eius
622 2792 685 2834 cum
703 2783 788 2834 aceto
812 2783 860 2834 aut
874 2775 942 2833 uino
959 2781 1064 2835 vetare
1077 2781 1127 2834 ant

126 2853 230 2930 mulso,
246 2863 277 2912 ut
289 2873 420 2934 quaeque
436 2874 522 2916 causa
537 2858 641 2934 exigit,
656 2859 685 2916 in
700 2859 879 2918 curationem
897 2857 969 2934 oris,
987 2856 1127 2934 dentium,
1134 2871 1160 2912 ao

84 2939 256 3013 isauriam,
272 2938 400 2998 ulcerum
414 2941 596 3018 manantium,
610 2939 789 3018 genitalium,
805 2940 967 3018 rhagadum.
999 2940 1127 3001 volneri·

127 3021 180 3080 bus
202 3023 231 3079 in
251 3020 379 3082 linteolis
401 3024 565 3101 inponitur,
590 3023 695 3084 luxatis
717 3026 746 3084 in
768 3025 847 3101 lana,
874 3026 978 3101 ingens
994 3023 1042 3085 hic
1056 3041 1126 3085 usus

129 3106 226 3182 utique
244 3106 407 3167 inveterato
425 3106 651 3186 medicamento,
670 3108 728 3168 tale
747 3110 823 3168 enim
837 3107 948 3168 listulas
964 3116 1053 3170 sanat.
1085 3108 1126 3168 in·

127 3188 253 3248 funditur
275 3190 370 3266 sedis,
398 3190 582 3269 genitalium,
609 3191 714 3253 volvae
738 3191 966 3269 exulcerationi,
996 3191 1127 3252 inlinitur

128 3290 201 3333 vero
217 3273 354 3351 podagris
369 3275 586 3354 incipientibus,
602 3278 671 3337 item
682 3275 854 3336 articulariis
865 3274 984 3336 morbis.
1015 3276 1040 3334 si
1052 3291 1126 3335 uero
1137 3293 1161 3336 as

129 3374 191 3416 cum
209 3359 360 3436 omphacio
375 3368 552 3436 recoquatur
570 3361 605 3420 ad
622 3359 717 3421 mellis
729 3359 960 3436 crassitudinem,
976 3359 1126 3419 causarios

129 3438 223 3500 dentis
240 3442 381 3519 extrahit,
399 3443 469 3502 item
486 3444 677 3505 iumentorum
693 3442 819 3503 scabiem
834 3460 897 3503 cum
913 3441 1037 3504 decocto
1053 3439 1127 3520 lupi·
