2400 3840
131 157 189 218 178
483 164 624 212 111111
642 163 791 212 1111111

129 325 231 403 pipere
244 319 402 399 parimodo
416 327 502 396 potae
514 318 696 376 efficaciores
708 315 744 375 ad
760 315 834 375 idem
849 314 1013 376 creduntur.
1029 313 1117 394 prod-

88 422 91 427 ·
129 415 174 465 est
188 415 218 464 et
231 414 331 464 contra
347 405 513 479 sagittarum
527 418 647 474 venena,
663 409 692 458 ut
705 398 828 476 Apelles
842 397 938 472 tradit,
952 406 1017 457 ante
1037 405 1116 475 post·

130 506 222 567 eaque
243 496 380 564 sumptus.
413 485 441 543 iu
452 482 579 543 antidota
596 499 713 560 quoque
731 481 837 540 nobilia
855 481 976 541 additur.
1000 482 1116 540 Sextius

129 571 194 650 plus
214 589 296 650 quam
309 568 462 629 drachmae
471 565 601 645 pondere
616 567 644 623 in
655 566 712 623 vini
725 565 837 624 hemina
849 573 947 642 potum
960 565 1118 642 perniciem

130 655 236 714 oiierre
252 653 346 728 tradit,
362 659 514 729 praeterea
532 648 661 708 eiusdem
675 648 792 708 decocti
808 651 852 707 ius
868 665 930 706 cum
941 647 1028 707 melle
1043 664 1142 707 sum-s

131 747 207 816 ptum
223 753 359 795 venerem
374 733 513 793 inhibere.
1055 764 1062 779 ·

88 831 137 885 121
202 819 285 896 (31.)
306 817 358 877 Est
379 815 528 875 crocodilo
552 815 686 890 cognatio
708 814 845 891 quaedam
872 815 960 873 amnis
989 813 1119 873 eiusdem

129 904 294 980 geminique
317 901 410 958 victus
435 916 498 959 curn
523 899 746 975 hippopotamo,
774 906 925 975 repertore
950 896 1119 956 detrahendi

105 1008 122 1045 s.
136 1007 158 1041 11
172 984 326 1061 sanguinis,
340 991 369 1041 ut
386 983 517 1058 diximus,
534 981 663 1060 plurumo
682 989 775 1039 antem
787 998 875 1059 super
888 981 1021 1040 Saiticam
1035 997 1118 1058 prae·
1192 988 1196 995 “

130 1069 277 1127 lecturam.
308 1066 388 1125 huius
397 1068 461 1125 cori
477 1066 548 1125 cinis
561 1082 624 1123 curn
636 1081 709 1141 aqua
720 1064 817 1122 inlitus
829 1080 920 1142 panos
930 1071 1021 1138 sanat,
1038 1062 1119 1141 adips
1129 1079 1154 1118 uo

130 1150 250 1226 frigidas
265 1148 373 1225 febris,
395 1151 461 1209 item
478 1150 571 1208 limum
588 1147 694 1222 suilitn,
710 1146 810 1207 dentes
828 1164 845 1205 e
866 1156 948 1224 parte
970 1147 1054 1206 laeva
1070 1145 1119 1205 do·

131 1234 222 1293 lorem
233 1234 356 1293 dentium
373 1232 542 1310 scariphatis
555 1231 687 1307 gingivis.
711 1229 796 1308 pellis
809 1231 870 1288 eius
883 1248 899 1288 e
912 1232 1026 1290 sinistra
1038 1239 1121 1308 parte

131 1317 234 1376 irontis
257 1318 421 1393 ininguine
443 1314 596 1391 adalligata
619 1331 756 1373 venerem
781 1313 903 1389 inhibet,
932 1313 1059 1373 eiusdem
1081 1315 1119 1371 ci·

131 1402 175 1459 nis
190 1400 337 1476 alopecias
352 1398 461 1478 explet.
491 1397 615 1458 testiculi
630 1396 765 1456 drachma
787 1414 824 1454 en
844 1415 917 1474 aqua
938 1405 1040 1456 contra
1059 1414 1119 1454 ser·

130 1485 226 1561 pentis
242 1482 356 1555 bibitur,
372 1483 512 1557 sanguine
527 1480 655 1559 pictores
671 1488 793 1539 utuntur.
1131 1493 1155 1532 ru

90 1576 139 1630 121
187 1564 286 1642 ,(32.)
308 1565 483 1640 Peregrinae
499 1572 563 1623 sunt
577 1573 607 1622 et
621 1564 732 1639 lynces,
748 1580 821 1640 qnae
838 1563 996 1621 clarissime
1009 1562 1120 1640 quadri·

96 1669 98 1672 ’
131 1649 236 1725 pedum
252 1648 374 1706 omnium
385 1656 513 1707 cernunt.
532 1647 634 1722 unguis
646 1663 743 1705 earum
758 1646 849 1705 omnis
865 1663 927 1704 cnm
944 1647 1024 1704 corio
1040 1644 1122 1704 exuri

131 1730 333 1790 efficacissime
358 1730 387 1787 in
407 1728 551 1806 Carpatho
578 1729 670 1788 insula
695 1729 816 1788 tradunt.
849 1729 905 1788 hoc
930 1730 1027 1788 cinere
1050 1737 1121 1805 poto

132 1812 272 1890 propudia
286 1814 420 1888 virorum,
436 1811 563 1871 eiusdem
576 1812 716 1889 adspersu
723 1812 889 1871 feminarum
903 1812 1034 1871 libidines
1050 1811 1120 1870 inhi-

131 1896 212 1971 beri,
238 1894 306 1954 item
327 1898 450 1973 pruritus
472 1911 625 1973 corporum
647 1897 726 1954 urina
747 1895 891 1954 stillicidia
907 1897 1034 1954 vesicae.
1071 1897 1120 1955 ita·
1130 1913 1156 1952 11

132 1996 188 2056 que
214 1997 277 2039 eam
299 1982 431 2057 protinus
454 1988 531 2038 terra
554 1978 674 2056 pedibus
702 1978 821 2055 adgesta
842 1977 965 2038 obruere
992 1979 1121 2038 traditur.

132 2063 231 2123 eadem
252 2072 346 2122 antem
363 2072 392 2122 et
409 2062 574 2138 iugulorum
591 2062 686 2122 dolori
700 2071 872 2121 monstratur
887 2064 915 2121 in
934 2062 1073 2120 remedio.

90 2155 141 2208 123
204 2145 232 2206 9.
257 2144 339 2223 (33.)
356 2144 544 2204 llactenusde
558 2146 694 2204 externis.
710 2162 784 2203 nnnc
798 2154 1013 2221 praevertemur
1023 2144 1060 2203 ad
1073 2162 1121 2203 no-

132 2236 220 2287 strum
236 2227 346 2302 orbem,
361 2230 537 2305 primumque
551 2229 709 2287 communia
724 2227 882 2286 animalium
893 2227 1020 2286 remedia
1036 2237 1121 2305 atque

132 2312 234 2369 eximia
247 2309 385 2386 dicemus,
401 2311 483 2369 sicuti
498 2328 515 2368 e
528 2309 612 2369 lactis
627 2329 688 2370 111.
711 2311 888 2370 utilissimum
904 2313 1005 2389 cuique
1020 2320 1154 2369 mater-at

133 2411 206 2451 num.
236 2396 392 2471 concipere
409 2395 535 2453 nutrices
551 2394 703 2454 exitiosum
719 2403 771 2470 est,
786 2394 815 2453 hi
831 2403 895 2454 sunt
910 2395 983 2453 enim
999 2394 1123 2453 infantes

132 2479 182 2553 qui
202 2477 353 2537 colostrati
371 2477 569 2556 appellantur,
594 2478 714 2537 densato
739 2476 820 2543 lacte,
836 2478 865 2535 in
886 2479 965 2536 casei
981 2478 1120 2552 speciem.

132 2570 176 2619 est
198 2570 291 2620 autern
314 2561 442 2622 colostra
464 2563 554 2640 prima
575 2580 592 2620 a
615 2570 698 2638 partu
723 2578 854 2638 spongea
879 2560 1006 2619 densitas
1028 2561 1121 2620 lactis.

131 2660 261 2703 maxume
283 2654 374 2704 autem
398 2646 447 2704 alit
466 2644 666 2723 quodcumque
687 2642 851 2719 humanum,
878 2660 946 2702 mox
963 2645 1121 2721 caprinum,

24 2740 28 2746 ·
131 2726 206 2784 unde
226 2728 358 2787 fortassis
379 2726 494 2787 fabulae
509 2727 608 2786 lovem
628 2730 667 2786 ita
696 2729 829 2786 nutritum
851 2727 960 2787 dixere.
990 2726 1155 2787 1111111111

132 2826 204 2867 mum
218 2809 253 2868 ab
266 2810 388 2869 hominis
401 2810 580 2884 camelinum,
594 2810 824 2869 efficacissimum
837 2828 874 2868 err
886 2811 981 2869 asinis.
1004 2827 1121 2886 magno·

90 2897 211 2953 1211111
227 2892 386 2951 animalium
404 2901 433 2951 et
445 2909 598 2970 corporum
611 2891 724 2951 facilius
740 2893 875 2952 redditur.
908 2891 1056 2952 stomacho
1073 2892 1120 2951 ad·

132 2972 420 3033 commodatissimum
442 2976 604 3051 caprinum,
633 2977 765 3052 quoniam
793 2975 895 3035 ironde
921 2977 1013 3052 magis
1039 2993 1121 3053 quarn

131 3055 221 3115 herba
233 3065 397 3116 vescuntur.
419 3057 555 3117 bubulum
567 3057 743 3133 medicatius,
760 3058 875 3119 ovillum
891 3058 1002 3118 dulcius
1017 3068 1047 3117 et
1064 3076 1120 3118 ma·

131 3141 176 3217 gis
190 3139 250 3215 alit,
267 3141 415 3199 stomacho
430 3142 521 3198 minus
540 3141 624 3214 utile,
648 3144 780 3217 quoniam
796 3151 839 3200 est
860 3144 1002 3220 pinguius.
1035 3159 1119 3201 omne
1130 3162 1154 3203 11

132 3233 226 3282 autem
242 3243 359 3284 vernum
375 3226 503 3302 aquatius
515 3226 627 3283 aestivo
643 3234 672 3283 et
688 3225 724 3285 de
734 3227 870 3300 novellis,
887 3224 1120 3304 probatissimum

132 3325 202 3366 vero
229 3308 305 3385 quod
329 3311 471 3383 inungue
494 3307 594 3368 haeret
616 3326 670 3367 nec
693 3308 800 3368 delluit.
835 3311 1015 3368 innocentius
1034 3309 1119 3368 deco·

133 3399 216 3467 otum,
235 3392 391 3471 praecipue
408 3409 470 3450 cum
488 3391 607 3451 calculis
621 3393 746 3452 marinis.
778 3392 861 3452 alvos
880 3409 1010 3455 maxume
1033 3392 1121 3451 solvi·
