2400 3840
308 195 388 246 uur.
406 193 498 245 nisu.
519 195 642 245 xxrm.
659 193 685 246 a.
704 183 822 263 (omo.)
997 186 1058 249 lot

63 352 158 413 omnia
170 351 286 413 solitum
299 368 316 411 a
329 350 468 411 Romanis
485 348 684 411 sacerdotibus
700 349 819 411 evocari
833 347 917 411 dsuru
931 351 1015 412 cuius
1028 353 1058 415 iu

62 433 152 497 tutela
167 434 197 495 id
212 432 348 511 oppidum
362 441 443 495 esset
458 433 640 512 promittique
661 433 703 495 illi
725 432 847 493 eundem
872 441 920 495 aut
937 433 1057 512 amplio-

62 536 124 582 rem
139 519 214 596 apuu
228 517 376 578 Romanor
388 515 505 577 cultum.
535 525 565 576 et
580 517 662 579 durat
676 518 704 577 ln
719 516 887 595 pontillcum
903 516 1056 596 disciplina

62 603 91 665 id
112 619 242 676 sacrum,
265 608 436 678 constatque
457 599 524 661 ideo
545 600 720 664 occultatum
738 601 767 660 iu
791 599 872 660 cuius
899 599 946 659 del
967 598 1057 661 tutela

36 685 154 748 c-llorna
175 692 272 760 esset,
296 701 333 743 uc
355 684 403 761 qui
425 683 548 746 hostium
570 684 655 744 simili
677 683 763 750 modo
790 690 920 760 agerent.
959 681 1055 760 Dedgi
1064 694 1099 749 19

63 770 179 848 quidem
199 767 269 827 diris
291 767 505 847 precationibus
518 786 604 829 neruo
628 785 687 829 uon
706 767 815 831 metuit.
856 765 914 828 huc
928 768 1056 846 pertinet

63 868 184 913 ovorum
200 868 275 930 quae
290 849 475 915 casorhuerir
489 853 612 930 quisque
623 850 742 926 calyces
753 850 976 930 coclearumque
989 868 1043 929 pro

62 936 138 1003 tinus
160 935 254 1011 irmigi
275 943 325 997 aut
346 933 465 997 cosdem
487 933 670 996 coclearibus
690 935 843 1014 perforari.
874 933 942 995 hinc
961 933 1056 995 l'hco·

63 1018 127 1078 criti
140 1017 216 1096 apud
231 1017 370 1095 Graecosg
387 1016 491 1079 Catulli
505 1017 580 1096 apud
601 1033 655 1080 nos
669 1035 870 1098 proxumeque
887 1016 1000 1095 Vergili
1015 1018 1056 1079 lu·

27 1110 307 1161 incantamentorum
333 1102 469 1164 amatoria
494 1102 624 1163 imitatio.
671 1101 751 1162 multi
778 1101 938 1177 figlinarum
964 1119 1056 1180 opera

60 1186 153 1261 rumpi
170 1183 291 1245 creduut
306 1182 359 1245 tali
372 1182 470 1258 modo,
487 1200 544 1245 nou
561 1187 644 1262 pauci
656 1185 741 1244 etiam
756 1185 902 1261 serpentis
913 1186 994 1262 ipsas
1008 1203 1053 1245 re·

62 1283 168 1326 cauere
190 1275 219 1325 et
240 1265 315 1325 huuc
328 1283 414 1325 uuum
428 1265 487 1327 illis
502 1282 569 1327 esse
583 1267 761 1327 intellectum
775 1265 966 1344 contrahique
980 1267 1055 1329 llar-

62 1365 158 1409 scrum
173 1349 344 1408 cautuetiam
366 1349 395 1407 in
410 1357 551 1408 nocturna
567 1350 674 1428 quiete.
702 1347 797 1411 Etiam
811 1350 941 1427 parietes
955 1350 1051 1409 incen-
1062 1362 1098 1414 20

62 1432 173 1491 diorum
200 1429 456 1509 deprecationibus
489 1430 717 1492 conscribuntur.
768 1448 865 1508 neque
894 1439 940 1489 est
967 1431 1054 1491 facile

26 1514 141 1577 rudictu
165 1522 285 1574 externa
311 1513 401 1574 verha
423 1522 510 1592 atque
531 1513 686 1575 ineffabilia
709 1512 854 1591 abrogent
878 1512 963 1574 iidem
987 1514 1054 1575 vali-

62 1597 126 1657 dius
140 1613 176 1657 an
189 1596 287 1658 latina
301 1598 446 1675 inopinata
467 1606 497 1660 ct
518 1614 593 1676 quac
613 1596 763 1659 inridicula
784 1596 877 1659 videri
894 1596 976 1674 cogit
997 1598 1055 1659 aul·

61 1697 123 1741 mus
144 1698 260 1759 semper
283 1679 391 1759 aliquid
414 1683 571 1749 inmensum
594 1691 771 1760 exspectaus
796 1699 832 1743 ac
858 1681 974 1758 dignum
998 1681 1053 1743 deo

60 1763 221 1841 movendo,
244 1765 328 1825 immo
350 1783 423 1825 vero
445 1764 524 1844 quod
537 1766 641 1827 numini
655 1768 789 1844 imperet.
813 1765 893 1825 Dixit
907 1763 1051 1825 llomcrus
1061 1774 1093 1828 21

60 1846 230 1924 profluvium
244 1849 391 1924 sauguinis
404 1848 556 1911 uoluerato
567 1848 673 1910 femine
689 1849 802 1910 Ulixem
817 1847 975 1909 inhibuisse
992 1865 1054 1908 car·

23 1930 147 2006 nominc,
163 1930 380 2009 Theophrastus
396 1930 571 1993 ischiadicos
586 1935 696 2008 sanari,
719 1929 794 1992 (lato
810 1929 935 2011 prodidit
950 1930 1055 1990 luxatis

60 2011 196 2073 memhris
219 2031 334 2075 carmen
357 2014 514 2089 auxiliare,
541 2013 580 2074 lt.
603 2016 699 2077 Varro
722 2013 869 2093 podagris.
898 2012 1055 2075 Gaesarem

61 2097 231 2157 dictatorem
247 2105 315 2174 post
335 2115 420 2157 unum
437 2099 591 2176 ancipitem
610 2098 737 2159 vehiculi
754 2115 851 2158 casum
869 2098 964 2159 icrunt
980 2114 1053 2157 seur·

60 2197 115 2258 per
131 2186 160 2237 ut
182 2179 301 2256 primum
322 2180 521 2258 consedisset,
544 2183 574 2243 id
590 2181 666 2260 quod
680 2182 839 2261 plerosquo
856 2199 931 2243 nuuc
950 2180 1053 2242 facore

60 2263 183 2406 wilmus,
206 2263 331 2325 carmine
348 2273 393 2326 ter
409 2266 536 2344 repetito
559 2267 742 2327 securitatem
762 2267 894 2326 itinerum
915 2265 1053 2344 aucupari

21 2345 186 2408 asscitum.

122 2429 186 2509 (5.)
208 2429 292 2490 hibet
312 2428 386 2491 hauc
405 2439 514 2508 partem
531 2430 709 2506 singulorum
733 2446 849 2507 quoquc
873 2430 1096 2492 conscientiam

59 2529 232 2588 coarguere.
256 2514 395 2572 curcurim
410 2513 530 2591 primum
542 2513 606 2572 anui
621 2513 785 2589 incipientis
799 2511 875 2572 diem
890 2511 974 2574 laetis
986 2530 1052 2591 pre-

60 2595 221 2655 cationibus
241 2596 364 2654 invicem
384 2593 505 2656 faustum
525 2592 702 2655 ominamur?
735 2612 786 2655 cur
807 2593 931 2673 publicis
954 2595 1053 2655 lustris

59 2677 146 2737 etiam
170 2679 284 2738 numina
307 2678 436 2739 victimas
462 2677 624 2739 ducentium
653 2694 795 2756 prospera
817 2675 971 2754 eligimus?
1003 2696 1053 2739 cur

22 2780 49 2822 ac
59 2761 323 2822 effascinationibus
333 2761 501 2823 adoratione
512 2760 652 2840 peculiari
662 2762 839 2822 occurrimus
855 2760 903 2821 alii
913 2759 1052 2822 Graecam

58 2843 205 2904 Nemesim
222 2845 405 2920 inuocantes,
431 2843 511 2907 cuius
527 2844 566 2907 oh
580 2846 609 2906 id
622 2845 731 2906 Romae
753 2844 935 2906 simulacrum
952 2845 981 2903 in
997 2842 1050 2906 Oa·
1100 2912 1103 2918 ,

58 2927 161 3007 pitolio
179 2937 234 3006 est,
253 2930 383 3007 quamvls
394 2928 523 2990 Latinum
536 2946 643 2989 nomeu
659 2946 716 2989 nou
733 2926 790 2989 siti
811 2946 862 2989 cur
877 2927 914 2989 ad
927 2929 1048 2989 mentio·
1058 2939 1094 2994 23

58 3028 124 3071 nem
136 3011 336 3074 defunctorum
347 3021 485 3073 testamur
498 3014 664 3073 memoriam
674 3029 773 3075 eorum
789 3030 806 3072 a
821 3010 906 3073 nobis
920 3029 978 3072 nou
991 3012 1050 3072 sol·

58 3093 184 3156 licitarli
212 3113 264 3157 cur
282 3097 399 3174 inpares
421 3114 555 3157 numeros
578 3096 614 3156 ad
629 3096 721 3157 omnia
735 3096 970 3157 vehementiores
987 3112 1051 3155 cre·

23 3177 167 3256 audimus,
190 3179 276 3258 idque
297 3181 327 3239 in
347 3176 475 3241 lehrihus
496 3179 604 3241 dieram
625 3178 832 3241 observatione
852 3174 1051 3254 intellegitur?

62 3279 112 3322 cur
122 3262 160 3322 ad
172 3264 311 3342 primitias
327 3278 475 3340 pomorum
486 3263 672 3324 haecretcra
684 3281 750 3325 esse
762 3263 892 3337 dicimus,
907 3260 963 3320 alia
974 3275 1049 3319 nova

60 3342 213 3423 optamus?
242 3362 294 3406 cur
314 3347 488 3407 ateruucutis
509 3345 679 3423 salutamus,
705 3345 783 3425 quod
807 3346 890 3405 etiam
906 3340 1050 3404 'liberium

60 3427 225 3504 Gaesarem,
240 3429 442 3506 tristissimum,
458 3438 488 3489 ut
502 3437 625 3506 constat,
641 3426 783 3494 homiuem
795 3430 823 3488 in
835 3425 970 3490 vehiculo
981 3442 1052 3482 eue-
