2400 3840
335 197 415 258 unr.
434 196 525 245 111sr.
545 197 627 245 xxv.
645 194 671 246 a,
686 191 710 244 3.
729 183 844 261 (5-7.)
1041 185 1076 243 71

90 350 145 423 luit
165 348 256 408 rabidi
272 349 351 408 canis
368 366 481 410 morsus
498 366 636 426 pavorem
650 368 741 428 aquae
758 357 903 428 potusque
925 348 1016 406 omnis
1035 349 1082 406 ad·
1113 383 1118 389 ·

90 431 192 492 {erens
214 431 317 491 odium.
353 450 446 510 nuper
466 431 612 492 cuiusdam
627 433 774 493 militantis
802 433 831 491 in
852 431 1001 509 praetorio
1025 447 1082 488 ma·

89 524 139 575 ter
156 514 227 574 vidit
243 516 271 573 in
290 516 389 593 quieto
415 522 446 574 ιιι
466 513 592 591 radicem
608 515 753 576 silvestris
775 531 860 575 rosae
879 531 962 591 quam
979 529 1082 587 cynor-

91 598 205 658 rhodon
220 606 325 658 vocant
341 597 495 658 blanditam
509 598 564 657 sibi
580 599 719 677 adspectu
731 598 824 677 pridie
836 599 864 655 in
880 598 1007 655 frutecto
1019 597 1082 653 mit-

69 689 171 741 steret
188 680 246 740 filio
263 680 423 741 bibendam.
453 682 482 739 in
495 679 649 741 Laeetania
665 701 713 742 res
728 681 902 758 gerebatur,
924 677 1080 755 Hispaniae
1181 756 1183 759 ι

90 781 233 842 proxuma
248 772 342 842 parte,
357 764 605 843 casuqueaccidit
623 773 653 824 ut
667 765 758 824 milite
773 782 789 823 a
804 780 901 823 morsu
917 763 994 821 canis
1011 762 1081 820 inci·
1110 824 1114 831 ,

91 849 192 925 pientc
208 865 408 924 expavescere
431 864 519 924 aquas
541 846 891 925 superveniret'epistula
916 845 1024 904 orantis
1050 852 1081 903 nt

90 937 210 1008 pareret
230 929 391 1006 religioni‚,
413 938 603 1008 servatusque
627 939 673 991 est
691 949 729 991 ex
748 933 897 1008 insperato
923 936 952 987 et
976 935 1081 1006 postea

91 1015 222 1090 quisquis
237 1013 372 1073 auxilium
387 1013 480 1073 simile
501 1015 658 1092 temptavit.
689 1014 760 1075 alias
782 1011 856 1092 apud
873 1020 1007 1072 auctores
1031 1008 1078 1086 ey'·
1090 1023 1128 1077 lb

56 1095 230 1155 sonorrhodi
249 1114 303 1155 una
320 1095 461 1156 medicina
479 1105 541 1156 erat
556 1097 737 1175 spongeolae
756 1115 830 1175 quae
851 1097 881 1154 in
896 1095 997 1155 mediis
1023 1098 1079 1174 spi·

91 1180 136 1238 nis
155 1179 219 1237 eius
234 1182 361 1238 nascitur
380 1181 479 1239 cinere
495 1197 558 1238 curn
573 1179 661 1239 melle
675 1181 822 1258 alopecias
835 1181 938 1264 eapitis
956 1178 1079 1261 expleri.

89 1263 121 1319 in
142 1260 243 1320 eadem
264 1264 412 1339 provincia
434 1264 559 1338 cognovi
584 1265 613 1322 in
628 1281 699 1340 agro
719 1263 843 1341 hospitis
869 1280 962 1340 nuper
977 1256 1018 1321 lbi
1034 1280 1080 1321 re·

57 1353 206 1421 partum
229 1344 430 1405 dracunculum
452 1344 627 1443 appellatum
651 1344 762 1406 caulem
785 1345 917 1424 pollicari
944 1346 1081 1403 erassitu-

92 1426 170 1502 dine‚
186 1427 417 1487 versicoloribus
435 1429 600 1505 viperarum
614 1429 749 1504 maculis,
767 1446 852 1506 quern
867 1427 1000 1487 ferebant
1013 1444 1082 1485 con·

57 1524 82 1564 as
93 1518 136 1569 tra
153 1512 277 1569 omnium
292 1529 404 1571 morsus
421 1529 489 1570 csse
505 1511 646 1588 remedio,
662 1511 748 1570 aliurn
761 1529 844 1589 quarn
857 1527 934 1589 quos
945 1511 974 1568 in
988 1510 1080 1587 priori

92 1592 237 1652 volumine
257 1594 386 1653 eiusdem
405 1595 526 1653 nominis
546 1594 686 1671 diximus,
710 1595 761 1654 sed
780 1595 845 1653 huie
861 1592 917 1654 alia
935 1593 1037 1668 ligura,
1049 1608 1080 1651 ιι.
1089 1613 1123 1646 us

91 1675 169 1739 aliud
182 1676 348 1736 miraculum
361 1679 510 1737 exserenti
525 1696 557 1737 se
571 1685 650 1738 terra
665 1637 699 1738 a⁷d
714 1679 817 1756 primas
832 1677 1081 1754 serpentiumver·
1091 1685 1123 1737 19

93 1758 226 1818 nationes
248 1759 375 1837 bipedali
399 1761 463 1820 lere
491 1760 658 1836 altitudine,
679 1778 837 1839 rursusque
855 1777 918 1820 cum
934 1757 1036 1818 iisdem
1051 1759 1080 1816 in

94 1849 199 1902 terram
216 1842 369 1919 condenti,
386 1862 441 1903 nec
459 1845 573 1907 omnino
595 1843 739 1904 occultato
759 1861 795 1904 eo
812 1843 931 1922 adparet
945 1859 1080 1919 serpens,

55 1923 140 1983 zovel
166 1923 223 1985 boc
250 1943 304 2003 per
321 1945 354 1987 se
379 1927 450 1985 satis
468 1926 601 1986 officioso
625 1936 743 1987 naturae
763 1945 898 2002 munere,
925 1926 949 1983 si
975 1933 1080 1982 tantum

93 2016 299 2085 praemoneret
314 2017 487 2087 tempusque
503 2009 662 2069 formidinis
679 2010 900 2072 demonstraret.

157 2090 184 2151 3.
217 2089 279 2151 Nec
295 2091 454 2151 bestiarum
469 2092 562 2151 solum
576 2092 611 2152 ad
626 2092 784 2152 nocendum
801 2092 1010 2163 scelerosum,
1028 2089 1123 2152 sed20

92 2175 207 2232 interim
222 2191 357 2252 aquarum
368 2192 484 2252 quoque
499 2192 533 2235 ac
545 2175 684 2235 locorum.
711 2175 743 2234 Iu
758 2173 908 2234 Germania
919 2170 1080 2233 transte·

92 2273 158 2315 num
173 2258 304 2316 castrisa
324 2256 493 2318 Germanico
515 2256 643 2318 Caesare
664 2261 804 2336 promotis
825 2259 965 2316 maritimo
989 2263 1080 2315 tractu

55 2339 158 2398 olous
178 2348 240 2399 erat
255 2357 346 2417 aquae
363 2340 453 2400 dulcis
474 2341 571 2417 solus,
593 2359 648 2419 qua
666 2352 735 2420 pota
754 2343 828 2401 intra
849 2341 994 2401 blannium
1012 2339 1080 2398 den·

92 2431 138 2480 tes
154 2422 324 2483 deciderent
339 2438 550 2502 ‚conpagesque
565 2426 595 2484 in
614 2426 738 2502 genibus
754 2424 945 2484 solverentur.
977 2433 1081 2482 stoma·

93 2522 182 2564 cacen
198 2505 301 2566 medici
317 2507 459 2567 vocabant
476 2515 506 2567 et
525 2506 714 2584 scelotyrben
729 2507 864 2573 camela.
895 2515 1012 2583 reperta
1031 2523 1079 2563 au-

88 2587 164 2647 ¹uilio
182 2597 228 2648 est
248 2587 338 2650 herba
353 2608 427 2668 quae
440 2597 562 2653 vocatur
577 2589 750 2666 Britannica,
765 2606 822 2649 non
838 2591 936 2648 nervis
951 2588 1079 2657 modoet

94 2671 154 2729 oris
180 2669 261 2730 malis
288 2671 434 2748 salutaris,
461 2672 513 2732 sed
539 2680 639 2732 contra
662 2673 781 2748 anginas
804 2688 919 2749 quoque
935 2679 965 2731 et
980 2679 1080 2731 contra

54 2757 247 2831 mserpentis.
282 2755 353 2815 lolia
368 2755 456 2815 babet
474 2755 601 2831 oblonga
619 2757 718 2832 nigra,
738 2755 863 2814 radicem
877 2756 996 2830 nigram.
1029 2773 1075 2813 su·
1087 2764 1119 2818 al

87 2854 143 2914 cus
160 2839 223 2896 eius
240 2839 409 2916 exprimitur
426 2848 455 2898 et
471 2858 488 2898 e
504 2837 609 2898 radice.
647 2838 748 2898 florem
762 2837 885 2897 vibones
900 2846 1015 2914 vocant,
1031 2839 1078 2914 qui

92 2918 233 2980 collectus
248 2922 328 2998 prius
344 2940 426 2999 quam
437 2924 561 2981 tonitrua
578 2922 726 2982 audiantur
742 2930 772 2980 et
787 2920 941 2981 dovoratus
958 2939 1078 2981 securos

91 3003 121 3060 in
137 3011 228 3062 totum
250 3003 352 3064 reddit.
383 3023 456 3082 gens
483 3005 619 3082 tumida,
642 3008 741 3082 inqua
758 3012 852 3065 castra
873 3015 971 3081 erant,
1000 3023 1079 3064 mon-

93 3093 226 3151 stravere
243 3086 330 3163 illam,
346 3089 491 3165 mirorque
510 3090 632 3148 nominis
647 3106 771 3162 causam,
790 3089 845 3147 uisi
861 3089 938 3147 forte
950 3089 1079 3148 confines

53 3184 204 3228 asoceano
234 3169 398 3230 Britanniae
427 3170 518 3231 veluti
545 3174 726 3250 propinquae
748 3170 890 3231 dicavere.
926 3173 1078 3231 nonenim

93 3250 158 3311 inde
174 3252 358 3330 appellatam,
374 3255 506 3331 quoniam
517 3253 557 3313 lbi
572 3255 700 3332 pluruma
713 3261 892 3330 nasceretur,
909 3263 1018 3313 certum
1033 3261 1079 3312 est

93 3334 237 3394 etiamtum
251 3335 395 3395 Britannia
409 3336 510 3396 libera.

152 3418 212 3496 (7.)
231 3417 296 3477 Fuit
311 3418 425 3497 quidem
439 3427 470 3479 et
484 3418 530 3480 lrio
543 3419 684 3496 quondam
698 3421 820 3480 ambitus
838 3419 999 3479 nominibus
1014 3420 1078 3478 suis
1087 3431 1131 3478 ‘m
