2400 3840
367 219 447 266 uun.
469 216 560 269 mrsu.
581 219 662 267 xxv.
677 218 703 273 e.
724 209 877 289 (ta-54.)
1074 213 1114 276 85

118 386 201 432 xnme
225 373 302 451 qood
325 373 355 430 in
370 370 507 432 Parnaso.
539 371 648 451 alioqui
666 373 845 436 herbiferum
867 394 935 436 esse
956 385 986 438 et
1002 377 1113 439 Pelium

115 462 243 514 montem
263 456 292 514 in
307 454 458 516 Thessalia
474 464 504 515 et
518 455 697 516 Telethrium
721 459 751 517 in
767 456 889 519 Euboea
904 469 934 520 et
953 470 1042 522 totam
1058 455 1112 523 Ar-

116 537 225 598 cadiam
239 556 272 598 ac
289 538 457 600 Laconicam
473 540 595 600 tradunt.
628 541 759 602 Arcades
772 542 888 620 quidem
910 562 968 604 non
990 545 1113 606 medica·

116 622 240 681 minibus
255 624 296 682 uti
315 622 367 682 sed
382 622 457 683 lacte
474 626 551 684 cirea
566 642 630 702 ter,
653 627 788 704 quoniam
804 635 870 685 tunc
887 645 1017 688 maxume
1034 632 1111 690 sucis

93 705 226 765 eberbac
240 713 376 784 turgeant
391 707 630 786 medicenturque
645 708 737 768 ubera
752 711 876 789 pascuis.
901 711 1002 771 bibunt
1017 721 1113 773 autem

116 791 274 867 vaccinum,
291 791 425 868 quoniam
438 791 532 852 boves
550 793 691 852 omnivori
707 792 772 853 iere
789 795 899 854 suntin
915 795 1024 856 herbis.
1058 814 1110 875 po-

117 875 207 933 tentia
222 890 320 933 earum
335 892 389 953 per
404 874 598 952 quadripedes
615 875 767 936 etiamnum
782 876 894 936 duobus
911 878 997 939 claris
1014 897 1110 939 exem·

117 956 173 1035 plis
192 958 343 1018 manifesta
367 959 406 1017 iit.
439 959 517 1019 circa
534 958 679 1019 Abderam
701 968 731 1019 et
752 959 872 1020 limitem
893 963 941 1040 qni
959 961 1108 1023 Diomedis

116 1049 237 1101 vocatur
259 1043 325 1119 equi
348 1043 422 1119 pesti
447 1041 655 1102 inflammantur
675 1043 768 1120 rabie,
795 1045 870 1103 circa
894 1043 1012 1106 Potnias
1036 1065 1108 1107 vcro

82 1132 147 1187 roet
165 1127 247 1184 asini.
1042 1163 1047 1171 -

171 1208 253 1288 (54.)
267 1207 348 1269 inter
362 1209 559 1269 nobilissimas
573 1210 780 1272 aristolochiae
794 1230 900 1273 nomen
914 1214 1030 1274 dedisse
1043 1232 1107 1292 gra·
1096 1225 1151 1280 ·95

115 1292 200 1352 vidae
219 1292 365 1370 videntur,
387 1295 521 1372 quoniam
544 1302 625 1354 esset
650 1282 767 1376 ἀρίστη
788 1289 971 1376 λεχούσαις
1015 1300 1108 1357 nostri

114 1375 219 1435 malum
236 1384 334 1436 terrae
349 1384 455 1436 vocant
471 1386 501 1438 et
517 1385 654 1456 quattuor
668 1395 778 1454 genem
795 1381 859 1439 eius
875 1388 1007 1440 servant:
1025 1398 1108 1440 unum

118 1459 270 1520 tuberibus
287 1459 392 1520 radicis
415 1460 558 1537 rotundis,
578 1460 658 1520 loliis
678 1463 756 1521 inter
775 1461 895 1523 malvam
915 1471 945 1524 et
961 1462 1108 1539 hederam,

84 1559 107 1600 rc
117 1543 295 1621 nigrioribus
310 1544 562 1623 mollioribusque.
590 1544 713 1604 alterum
726 1545 882 1624 masculae,
897 1546 994 1606 radice
1010 1546 1107 1624 longe,

117 1635 252 1705 quattuor
267 1627 424 1706 digitorum
440 1627 632 1705 longitudine,
648 1628 743 1688 baculi
759 1629 961 1695 crassitudine.
992 1631 1108 1689 tertium

115 1710 316 1788 longissimae,
331 1713 472 1772 tenuitate
488 1713 557 1772 ritis
572 1711 720 1789 novellae,
732 1714 813 1774 cuius
829 1715 868 1774 sit
880 1715 1035 1792 praecipua
1049 1714 1106 1789 ris,

117 1812 192 1873 quae
212 1803 241 1854 et
261 1794 414 1855 clematitis
433 1802 564 1874 vocatur,
588 1796 624 1855 ab
643 1795 708 1856 aliis
724 1793 849 1864 Cretica.
882 1815 982 1858 omnes
1003 1794 1104 1857 colore
1116 1805 1150 1860 96

116 1877 227 1954 buxeo,
245 1878 374 1938 caulibus
391 1881 501 1958 parvis,
521 1878 595 1939 ilore
611 1896 768 1958 purpureo.
796 1881 892 1941 ierunt
908 1879 1024 1940 baculas
1041 1896 1106 1959 par·

82 1976 169 2022 covas
188 1970 219 2020 ut
234 1963 360 2041 cappari.
392 1962 488 2022 valent
502 1962 599 2022 radice
615 1971 730 2022 tantum.
760 1973 806 2024 est
827 1972 857 2024 et
880 1983 954 2043 quae
975 1962 1107 2041 plistolo-

117 2046 180 2105 chia
200 2053 332 2123 vocutur,
351 2047 443 2125 quarti
464 2047 595 2123 generis,
619 2047 735 2106 tenuior
752 2063 835 2126 quam
858 2065 999 2125 proxume
1022 2046 1107 2122 dieta,

117 2129 215 2189 densis
229 2128 333 2189 radicis
346 2127 565 2208 capillamentis,
577 2131 652 2188 iunci
665 2129 807 2208 plenioris
820 2129 1019 2190 crassitudine.
1036 2130 1108 2189 hanc

117 2212 230 2290 quidam
247 2212 435 2292 polyrrhizon
450 2215 662 2290 cognominant.
695 2211 769 2274 odor
791 2216 913 2274 ommium
935 2215 1104 2290 medicatus,
1115 2220 1148 2276 97

117 2294 171 2357 soil
195 2296 341 2374 oblongae
362 2297 450 2357 radici
474 2297 658 2376 tenuiorique
679 2298 803 2376 gratior,
828 2299 942 2358 caruosi
967 2299 1041 2358 enim
1061 2304 1107 2356 est

82 2381 248 2456 cononicis,
270 2382 426 2458 unguentis
448 2398 565 2459 quoque
586 2380 713 2441 nardinis
735 2384 922 2442 conveniens.
953 2386 1109 2440 nascuntur

117 2463 273 2544 pinguibus
288 2463 361 2523 locis
377 2472 407 2524 et
421 2463 640 2543 campestribus.
664 2463 796 2525 effodere
813 2483 863 2525 eas
878 2463 1021 2524 messibus
1038 2472 1107 2523 tcm-

117 2548 274 2626 pestivom,
290 2549 330 2606 ita
345 2548 532 2626 desquamato
548 2554 667 2607 terreno
684 2556 843 2608 servantur.
866 2564 996 2607 maxume
1012 2554 1107 2606 tamen

117 2629 248 2690 laudatur
268 2629 387 2690 Pontica
410 2639 440 2690 et
463 2633 493 2688 in
514 2647 695 2708 quocumque
720 2649 832 2708 genere
859 2630 1107 2710 ponderosissima

119 2731 263 2792 quaeque,
273 2714 422 2774 medicinis
434 2715 530 2793 aptior
541 2713 673 2791 rotunda,
689 2723 791 2774 contra
807 2716 953 2793 serpentis
968 2712 1106 2791 oblonga,

81 2800 147 2861 eoin
163 2814 269 2857 summa
285 2805 380 2858 tamen
397 2796 492 2875 gloria
508 2805 569 2874 est,
588 2799 613 2857 si
628 2797 713 2858 modo
726 2815 744 2858 a
759 2806 903 2878 conceptu
919 2796 1030 2857 admota
1046 2796 1107 2856 rol·

117 2881 162 2940 vis
183 2882 213 2940 in
235 2897 321 2941 carne
341 2880 447 2941 bubula
468 2883 554 2941 maris
575 2880 694 2958 liguret,
716 2889 747 2941 ut
770 2881 898 2941 traditur.
937 2879 1103 2940 Piscatores
1115 2889 1150 2944 98

119 2961 291 3045 Campaniae
311 2964 437 3025 radicem
460 2983 522 3025 eam
542 2980 616 3045 quae
635 2964 757 3025 rotunda
778 2958 824 3025 e'st
844 2981 986 3024 venenum
1008 2971 1105 3024 terrae

117 3057 233 3125 vocant,
249 3065 402 3127 coramque
417 3047 503 3109 nobis
519 3055 686 3107 contunsam
700 3050 787 3107 mixta
800 3048 879 3108 calce
894 3048 923 3107 in
937 3064 1016 3107 mare
1029 3065 1108 3125 spar-

118 3150 195 3192 sere
229 3132 364 3192 advolant
387 3132 485 3210 pisces
508 3129 665 3209 cupiditate
685 3133 755 3191 mira
779 3133 931 3209 statimque
954 3132 1106 3190 exanimati

82 3215 238 3275 1111111111.
273 3211 354 3286 Quae
373 3213 557 3314 polyrrhizps
573 3216 792 3290 cognominatur
806 3214 966 3292 convolsis,
988 3221 1106 3273 contun-

118 3301 170 3377 sis,
199 3317 238 3358 ex
263 3297 323 3358 alto
348 3299 548 3382 praecipitatis
574 3295 672 3357 radice
698 3306 767 3376 pota
795 3316 832 3357 ex
858 3315 931 3375 aqua
956 3296 1107 3356 utilissima

119 3401 187 3443 esse
200 3381 332 3459 traditur,
345 3383 455 3442 semine
470 3375 632 3460 pleuriticis
650 3389 680 3441 et
694 3383 804 3459 nervis,
817 3381 999 3456 confirmare,
1012 3378 1106 3440 excal-

117 3467 227 3543 lacere,
246 3465 345 3526 eadem
362 3467 491 3541 satyrion
509 3483 585 3525 esse
