2400 3840
277 219 357 268 usu.
374 217 465 267 ausu.
480 220 577 266 xxm.
595 217 635 270 ro.
652 218 694 271 11.
714 205 772 284 (46.
789 207 849 284 47.)
1003 210 1064 272 283

63 372 130 431 nitri
146 371 284 450 prodest,
309 371 457 450 atrophis,
478 373 687 451 opisthotonis,
707 374 820 432 tetauis.
851 373 900 433 Sal
918 383 946 434 et
961 376 1062 434 nitrum

65 456 174 533 sulpuri
193 462 365 516 concoctum
381 456 410 513 iu
424 456 550 534 lapidem
567 457 697 516 vertitur.

128 538 176 598 11.
199 538 282 618 (47.)
303 538 503 616 spongearum
515 556 625 616 genera
638 538 759 599 diximus
773 539 801 597 in
814 540 921 600 naturis
933 543 1041 619 aquati·
1054 553 1106 607 123

63 621 129 681 lium
141 623 322 681 marinorum.
348 623 461 699 quidam
475 624 514 682 ita
532 623 703 700 distingunt:
723 623 794 683 alias
806 640 844 681 ex
855 621 899 683 his
917 626 1003 684 maris
1032 624 1055 665 ”a
1070 623 1105 660 ¹⁴⁸

37 706 139 764 ctenui
155 703 248 765 listula
267 706 496 784 spissioresque,
513 706 714 784 persorbentis
736 723 811 784 quae
823 714 858 769 ¹et
876 708 1020 783 tinguntur
1034 709 1062 767 iu

62 787 190 865 deliciis,
204 787 357 866 aliquando
373 796 403 847 et
416 807 558 868 purpura,
574 789 646 850 alias
660 790 782 849 feminas
793 789 949 850 maioribus
960 791 1063 852 fistulis

62 888 97 931 ac
111 872 276 949 perpetuis,
298 871 424 932 maribus
440 873 510 933 alias
534 874 667 933 duriores
689 891 761 951 quas
785 873 933 950 appellant
953 882 1061 952 tragos,

61 955 235 1013 tenuissimis
258 955 359 1015 tistulis
377 965 462 1035 atque
478 955 666 1016 densissimis.
693 955 841 1016 candidae
860 975 926 1016 cura
945 958 1061 1030 liunt,e

61 1036 237 1096 mollissimis
252 1048 386 1117 recentes
407 1057 461 1117 per
479 1047 618 1099 aestatem
633 1039 741 1098 tinctae
761 1039 832 1098 salis
846 1058 946 1118 spuma
963 1039 998 1101 ad
1021 1041 1060 1100 lu·

24 1138 124 1180 ronam
137 1128 165 1179 et
182 1123 299 1198 pruinas
312 1130 476 1181 sternuntur
487 1123 638 1197 inversae,
653 1121 710 1181 hoc
726 1131 772 1180 est
788 1139 843 1199 qua
860 1132 941 1200 parte
957 1124 1061 1184 adhae-

60 1221 142 1279 sere,
169 1211 199 1263 ut
229 1202 384 1264 candorem
405 1202 514 1265 bibant.
559 1205 662 1265 animal
687 1221 755 1263 esse
782 1204 929 1266 docuimus
958 1207 1042 1266 etiarn
1053 1217 1104 1271 124

61 1303 165 1345 cruore
179 1284 358 1347 inhaerente.
388 1288 475 1366 aliqui
491 1297 606 1348 narrant
622 1296 651 1347 et
667 1285 763 1346 auditu
786 1289 849 1362 regi
867 1306 919 1347 eas
936 1306 1004 1348 con·
1030 1290 1053 1330 ⁹·
1068 1289 1102 1325 ¹⁵⁹

59 1369 190 1447 trahique
204 1369 239 1429 ad
250 1386 351 1429 sonum
363 1372 550 1447 exprimentis
563 1369 762 1431 abundantiam
772 1371 891 1446 umoris,
907 1389 963 1430 neo
973 1372 1060 1431 avelli

60 1453 151 1532 patris
168 1469 273 1531 posse,
289 1453 356 1512 ideo
372 1451 498 1528 abscidi,
517 1472 552 1514 ac
570 1455 679 1513 saniem
692 1453 849 1512 remittere.
881 1454 949 1530 qaiu
964 1461 993 1512 et
1009 1472 1060 1514 eas
1095 1472 1101 1485 ·

22 1552 135 1614 acquae
154 1535 190 1594 ab
212 1536 348 1615 aquilone
368 1537 424 1595 sint
444 1537 560 1612 genitae
587 1536 754 1613 praeierunt
782 1536 907 1611 ceteris,
935 1553 990 1595 uec
1014 1555 1059 1595 us·

60 1617 365 1697 quamdiutiusdurare
379 1619 509 1696 spiritum
519 1619 624 1679 medici
637 1614 796 1679 adfirmant.
815 1617 858 1678 sic
873 1627 903 1678 et
917 1619 1060 1697 prodesse

60 1702 245 1781 corporibus,
261 1704 326 1780 qnia
339 1710 439 1762 nostro
453 1720 533 1762 suum
544 1705 695 1779 misceant,
710 1711 740 1761 et
750 1703 817 1762 ideo
829 1703 922 1778 magis
933 1704 1060 1762 recentis

58 1787 208 1864 magisque
224 1785 348 1862 umidas,
372 1785 424 1846 sed
440 1788 531 1847 miuus
547 1788 575 1847 in
591 1787 684 1847 calida
702 1804 776 1865 aqua
794 1786 944 1863 minusque
959 1795 1059 1846 unctas

59 1878 107 1928 aut
118 1869 209 1929 unctis
221 1869 394 1949 corporibus
402 1871 553 1949 inpositas,
564 1881 593 1931 et
605 1872 717 1948 spissas
731 1872 822 1929 minus
834 1870 1057 1930 adhaerescere.

20 1966 50 2006 ao
60 1951 256 2013 mollissimum
273 1972 366 2030 genus
378 1973 473 2015 earum
489 1954 616 2033 penicilli
629 1954 779 2012 oculorum
791 1958 919 2011 tumores
937 1952 1038 2011 sedant
1050 1962 1100 2016 125

60 2054 98 2095 ex
113 2036 206 2095 mulso
221 2037 349 2114 inpositi.
385 2031 460 2096 idem
483 2034 697 2113 abstergendae
717 2033 881 2112 lippitudini
902 2034 1057 2109 utilissimi,

60 2134 171 2195 eosque
183 2121 366 2179 tenuissimos
387 2127 416 2178 et
431 2119 617 2179 mollissimos
635 2137 701 2179 esse
725 2124 856 2196 oportet.
885 2119 1058 2193 inponantur

60 2211 89 2260 et
106 2219 256 2279 spongeae
272 2205 354 2280 ipsae
373 2202 523 2281 epiphoris
539 2222 578 2263 ex
592 2221 686 2282 posca
702 2212 732 2262 et
749 2219 787 2261 ex
802 2210 888 2261 aceto
905 2200 1000 2262 calido
1022 2200 1058 2262 ad

61 2284 164 2363 capitis
179 2284 306 2346 dolores.
333 2285 369 2345 de
385 2297 484 2346 cetero
499 2296 634 2348 recentes
651 2285 824 2360 discutiunt,
847 2284 993 2361 molliunt,
1008 2285 1056 2344 mi·

23 2383 51 2423 aa
62 2370 166 2445 tigaut,
182 2377 299 2430 veteres
314 2386 371 2428 uon
385 2370 528 2446 glutinant
547 2371 684 2447 volnera,
699 2388 769 2430 usus
787 2386 883 2428 carum
896 2367 931 2428 ad
946 2367 1056 2427 abster-

59 2451 164 2528 genda,
181 2451 316 2528 fovenda,
334 2453 491 2528 operienda
505 2453 608 2528 uictu,
629 2452 694 2511 dum
710 2449 789 2513 aliud
804 2452 966 2530 inponatur.
996 2450 1036 2509 ul·
1048 2459 1100 2514 126

60 2552 130 2593 cera
144 2551 260 2611 quoque
277 2534 371 2593 umida
387 2543 416 2593 et
432 2534 534 2594 senilia
549 2535 692 2612 inpositae
708 2538 839 2610 siccant,
861 2533 1007 2593 fracturae
1029 2540 1058 2591 et

59 2616 179 2675 volnera
195 2617 334 2694 spongeis
348 2617 496 2675 utilissima
513 2615 659 2679 foventur.
690 2617 809 2694 sanguis
830 2615 940 2693 rapitur
961 2616 989 2674 in
1010 2632 1057 2673 se·

61 2698 153 2757 cando
169 2707 199 2757 ut
215 2699 323 2758 curatio
335 2699 464 2776 perspici
477 2699 579 2775 possit,
596 2707 625 2758 et
641 2701 723 2777 ipsae
738 2697 891 2759 voluerum
902 2697 1058 2756 inflamma-

24 2798 51 2841 ao
65 2783 178 2857 tiones,
191 2783 216 2840 si
229 2798 284 2841 uec
297 2780 515 2856 inunguitur,**
528 2798 604 2840 nunc
617 2783 732 2859 siccae,
747 2798 822 2840 nunc
838 2789 923 2840 aceto
936 2780 1057 2858 adsper-

60 2883 123 2940 sae,
132 2866 290 2941 nuucvino,
302 2882 377 2923 nunc
386 2863 581 2941 aquafrigida.
598 2883 716 2943 exaqua
729 2880 801 2924 vero
812 2863 934 2924 caelesti
948 2864 1057 2943 inposi-

60 2957 108 3008 tae
121 2950 256 3009 sincaere
264 2947 393 3007 recentia
405 2964 462 3006 non
476 2948 620 3024 patiuntur
631 2949 834 3009 intumescere.
860 2949 1096 3026 inponuntur127

60 3040 90 3091 et
105 3033 225 3109 integris
243 3031 387 3109 partibus,
404 3030 457 3090 sed
474 3031 611 3092 ductione
626 3032 741 3092 occulta
762 3029 960 3091 laborantibus
983 3047 1056 3108 quae

60 3112 237 3174 discutienda
253 3117 306 3188 sit,
324 3123 352 3172 et
370 3113 404 3172 iis
424 3132 497 3192 quae
514 3123 692 3193 apostemata
709 3123 813 3174 vocant
830 3113 917 3172 melle
933 3112 1055 3172 dococto

24 3199 218 3276 ttperunctis.
248 3197 316 3256 item
331 3197 458 3257 articulis
474 3197 546 3257 alias
568 3208 653 3259 aceto
676 3197 755 3258 salso
778 3194 923 3270 madidae,
945 3196 1017 3255 alias
1040 3214 1056 3254 e

59 3298 161 3359 posca,
180 3281 203 3339 si
218 3280 331 3340 ferveat
345 3281 478 3357 impetus,
498 3299 535 3339 ex
546 3299 630 3359 aqua.
658 3279 778 3341 eaedem
792 3277 868 3338 callo
884 3279 1003 3354 esalsa,
1014 3311 1058 3324 —

59 3374 88 3423 at
100 3372 200 3423 contra
211 3364 394 3442 scorpionum
404 3364 478 3423 ictus
491 3382 529 3422 ex
540 3374 625 3425 aceto
636 3398 687 3438 —,
703 3366 731 3422 in
744 3360 895 3421 volnerum
907 3363 1056 3421 curatione

60 3456 90 3506 et
106 3447 224 3507 sucidae
237 3448 320 3508 lanae
335 3450 428 3507 vicem
444 3446 555 3525 inplent
575 3465 612 3506 ex
634 3446 745 3508 eadem.
786 3443 946 3505 differentia
971 3444 1063 3520 haec,
