2400 3840
318 169 699 224 uar.n1sn.xx11ra.o
718 159 870 239 (35-40.)
1053 163 1089 219 tr

88 345 191 390 norum
212 334 242 386 et
257 325 477 387 chamaeleonte
491 326 583 387 herba
596 327 668 388 mire
682 333 773 387 sanat.
807 326 894 429 cruda
911 343 1024 387 amurca
1040 343 1091 405 po·

88 412 192 489 degree
207 411 303 471 ioveri
322 410 510 470 utilissimum

152 492 282 574 (3.8)
299 492 424 554 Oleastri
441 494 577 555 loliorum
588 492 688 555 eadem
702 502 811 554 natura
828 491 988 571 spodiumc
1003 492 1089 554 cauli·
1099 501 1134 558 76

88 579 163 641 culis
178 578 381 638 vehementius
402 577 514 638 inhibet
534 577 763 638 rheumatismos.
797 577 879 638 sedat
896 583 926 636 et
941 576 1091 637 inflamma·

64 665 188 723 stiones
206 661 365 740 oculorum,
380 671 485 741 purgat
502 660 611 738 ulcera,
626 661 749 722 alienata
761 661 873 740 explet,
890 661 1092 721 excrescentia

87 746 196 808 leniter
215 745 311 806 erodit
326 747 473 824 siccatque
490 753 519 806 et
538 746 573 807 ad
591 746 755 805 cicatricem
769 745 917 823 perducit,
939 753 1039 806 cetera
1061 751 1092 802 ut

88 833 117 891 in
137 828 222 890 oleis.
254 829 403 907 peculiare
425 837 520 890 autem
536 829 613 908 quod
627 829 697 889 lolia
713 829 890 890 decocuntur
907 847 945 890 cx
959 828 1046 889 melle
1062 834 1091 886 et

89 906 193 974 dantur
218 912 401 974 coclearibus
429 922 531 974 contra
559 914 706 990 sanguinis
729 914 960 973 exscreationes.
995 912 1090 972 oleum
1099 919 1133 974 77

89 1004 198 1056 tantum
210 998 305 1056 acrius
319 997 526 1075 efficaciusque
538 1004 584 1056 est
593 997 629 1056 de
643 1014 689 1056 eo.
709 1015 742 1056 os
758 1014 874 1075 quoque
886 995 1030 1057 conluitur
1041 994 1092 1054 illo

56 1081 125 1141 noad
154 1081 318 1140 firmitatem
345 1081 479 1142 dentium.
518 1083 694 1160 inponuntur
713 1080 783 1141 lolia
806 1089 835 1141 et
856 1080 1041 1160 paronychiis
1063 1087 1094 1138 et

90 1163 274 1225 carbunculis
289 1173 319 1224 et
336 1173 436 1225 contra
453 1181 566 1227 omnem
583 1163 788 1225 collectionem
803 1183 865 1224 cum
878 1165 957 1241 vino,
972 1166 1008 1224 iis
1020 1181 1093 1223 vero

89 1266 165 1327 quae
187 1248 335 1327 purganda
353 1251 410 1309 sint
430 1267 493 1308 cum
508 1248 603 1310 mella.
635 1250 793 1310 miscentur
807 1248 956 1308 oculorum
971 1248 1093 1311 medica-

90 1332 195 1393 mentis
221 1339 251 1392 et
278 1332 429 1393 decoctum
451 1333 586 1393 loliorum
608 1341 638 1392 et
661 1350 745 1392 sucus
768 1331 896 1391 oleastri.
933 1331 1043 1391 utiliter
1064 1338 1094 1389 et

91 1415 208 1476 auribus
226 1414 383 1476 instillatur
400 1434 462 1478 cum
477 1415 563 1477 melle
578 1415 626 1476 vel
645 1417 669 1475 si
683 1433 736 1494 pus
749 1415 856 1475 effluat.
884 1413 958 1474 hore
970 1414 1091 1474 oleastri
1102 1422 1137 1478 te

57 1498 292 1575 aecondylomata
314 1498 470 1561 inlinuntur
485 1509 515 1561 et
533 1499 731 1578 epinyctides,
756 1500 826 1559 item
842 1517 906 1558 cum
923 1498 1014 1558 farina
1029 1497 1095 1557 hor-

91 1583 200 1644 deacea
222 1590 328 1642 venter
352 1585 381 1643 in
406 1583 627 1661 rheumatismo,
653 1601 717 1643 cum
745 1583 813 1644 oleo
837 1584 940 1661 capitis
965 1581 1094 1642 dolores.

92 1674 187 1726 cutem
208 1668 237 1726 in
258 1668 355 1745 capite
378 1667 412 1727 ab
438 1669 553 1728 ossibus
579 1667 767 1730 recedentem
784 1666 916 1728 cauliculi
934 1666 1048 1727 decocti
1066 1671 1096 1725 et

92 1768 156 1811 cum
180 1749 266 1810 melle
293 1751 411 1829 inpositi
435 1754 624 1831 conprimunt.
654 1770 692 1812 ex
714 1751 843 1812 oleastro
864 1752 966 1811 maturi
984 1751 1012 1810 in
1028 1748 1094 1810 cibo

93 1836 198 1913 sumpti
222 1835 327 1894 sistunt
350 1834 461 1912 alvom,
490 1838 560 1895 tosti
579 1844 673 1896 autem
690 1845 719 1896 et
736 1853 798 1896 cum
813 1835 901 1895 melle
921 1835 979 1893 triti
996 1850 1096 1894 nomas

56 1931 84 1972 ao
92 1925 269 1996 repurgant
289 1917 481 1979 carbunculos
496 1929 637 1999 rumpunt.

155 2001 238 2081 (39.)
267 1999 333 2062 Olei
349 2010 477 2063 naturam
493 2021 653 2082 causasque
672 2002 784 2063 abunde
800 2002 930 2061 diximus.
960 2000 994 2059 ad
1008 1999 1096 2060 medi·
1105 2009 1139 2063 79

92 2086 184 2147 cinam
205 2103 243 2146 ex
266 2085 324 2146 olei
341 2087 500 2162 generibus
515 2087 586 2148 haec
602 2089 766 2165 pertinent,
787 2085 968 2145 utilissimum
983 2101 1051 2143 esse
1086 2082 1133 2167 ¹⁵4,
1128 2078 1139 2156 ⁴.

92 2168 289 2268 omphacium,
303 2186 443 2269 proxume
461 2172 565 2248 viride,
581 2179 736 2249 praeterea
751 2188 833 2248 quam
848 2186 977 2237 maxume
992 2131 1133 2228 recensum

92 2255 148 2314 nisi
164 2270 228 2336 aurp
245 2254 471 2314 vetustissimum
488 2258 653 2332 quaeritur,
670 2263 775 2330 tenue,
792 2253 942 2313 odoratum
960 2252 1096 2330 quodque

57 2351 152 2398 enon
180 2337 327 2414 mordeat,
358 2356 375 2398 e
401 2338 519 2399 diverso
544 2356 627 2417 quam
648 2339 729 2398 cibus
751 2338 877 2414 eligitur.
919 2336 1097 2415 omphacium

94 2421 218 2501 prodest
239 2422 374 2498 gingivis.
413 2422 438 2480 si
464 2424 645 2482 contineatur
668 2424 697 2482 iu
720 2440 790 2490 ore,
816 2420 947 2480 colorem
971 2421 1097 2480 dentium

94 2503 237 2581 custodit,
254 2506 343 2582 magis
359 2523 442 2583 quam
459 2505 527 2565 alibi
544 2505 666 2565 sudores
682 2505 808 2565 cohibet.
1191 2558 1196 2566 .

157 2588 240 2668 (40.)
268 2586 450 2649 Ocnanthino
467 2589 543 2649 idem
559 2587 681 2649 allectus
695 2590 742 2665 qui
754 2602 887 2647 rosaceo.
912 2588 986 2645 omni
1000 2594 1094 2645 autern
1105 2596 1141 2651 80

95 2671 164 2732 oleo
190 2671 318 2732 mollitur
343 2689 467 2751 corpus,
498 2674 632 2749 vigorem
648 2680 679 2732 et
701 2670 792 2731 robur
808 2671 922 2748 accipit.
947 2668 1096 2730 stomacho

58 2757 270 2816 occurrentum
284 2764 372 2834 auget
390 2764 419 2816 et
435 2757 563 2816 ulcerum
578 2757 772 2831 incrementa,
789 2754 880 2814 faucis
896 2761 1051 2832 exasperat
1069 2762 1098 2812 et
1136 2768 1138 2773 ’

93 2857 207 2900 venena
223 2841 317 2899 omnia
334 2839 471 2918 hebetat,
495 2841 653 2919 praecipue
668 2837 793 2919 psimithi
817 2847 848 2898 et
868 2839 954 2916 gypsi
975 2839 1004 2896 in
1027 2855 1099 2936 aqna

93 2922 184 2984 mulsa
206 2932 254 2984 aut
270 2924 389 2985 iicorum
407 2926 547 2985 siccarum
560 2924 685 2985 decocto
698 2931 808 3003 potum,
825 2931 925 2983 contra
937 2924 1099 2982 meconium

95 3023 134 3087 ex
146 3024 237 3087 aqua,
254 3016 355 3069 contra
372 3008 563 3085 cantharidas,
582 3009 754 3086 buprestim,
771 3006 987 3082 salamandram,
1003 3007 1100 3084 pityo-

93 3087 220 3170 campas,
237 3109 292 3172 per
306 3110 339 3151 se
350 3101 450 3171 potum
462 3092 661 3170 redditumque
673 3091 879 3153 vomitionibus
893 3098 992 3151 contra
1006 3091 1100 3150 omnia

57 3191 183 3275 acsupra
198 3175 283 3236 dicta.
314 3175 511 3237 lassitudinum
525 3184 556 3237 et
573 3175 792 3255 perfrictionum
808 3174 932 3236 reiectio
949 3182 1004 3233 est
1041 3182 1099 3232 tor·
1108 3182 1140 3236 81

92 3261 169 3319 mina
184 3259 306 3320 calidum
319 3268 419 3338 potum
435 3259 545 3336 cyathis
561 3277 627 3335 sex,
643 3261 794 3336 magisque
808 3267 871 3318 ruta
883 3256 967 3317 simul
978 3257 1100 3316 decocta

94 3342 196 3421 pellit,
217 3345 289 3404 item
304 3346 415 3405 ventris
434 3343 572 3403 animalia.
608 3342 697 3403 solvit
711 3341 806 3401 alvom
820 3341 952 3400 heminae
967 3356 1101 3398 mensura

95 3443 160 3486 cum
180 3428 249 3490 vino
267 3435 298 3488 et
313 3427 405 3488 calida
420 3443 493 3506 aqua
507 3435 606 3505 potum
621 3435 669 3486 aut
687 3427 798 3486 tisanae
815 3441 909 3500 suco,
925 3422 1116 3482 uolneratos

136 3530 206 3572 nrm.
223 3532 287 3570 ner.
304 3531 371 3570 nusr.
387 3516 433 3570 IV.
