2400 3840
138 165 198 228 186
473 180 504 228 c.
521 182 616 228 numu
632 179 782 230 succum

138 337 222 396 haedi
236 337 285 396 vel
302 336 368 412 agni
383 335 535 395 drachmae
550 335 679 413 pondere
697 353 735 394 ex
751 338 828 410 vino,
845 334 954 412 leporis
975 333 1127 409 coagulum

139 429 167 478 et
187 429 285 479 contra
300 436 411 478 venena
427 418 549 478 additum
564 418 706 478 antidotis.
738 418 848 496 Papilio
865 434 980 494 quoque
996 416 1126 476 lucernu-

138 521 199 562 rum
217 502 366 563 luminibus
389 502 526 562 advolans
544 503 618 561 inter
633 502 706 560 mala
727 502 933 561 medicamenta
953 509 1126 559 numeratur.
1196 510 1198 543 Ξ

138 585 204 645 buic
220 587 392 646 contrarium
413 593 458 643 est
475 586 557 643 iocur
576 586 736 663 caprinum,
761 587 835 644 sicut
855 584 894 644 iel
919 583 1068 642 veneficiis
1091 600 1127 640 ex

138 670 258 728 mustela
274 673 380 728 rustica
395 668 488 726 iactis.
524 668 596 726 Hinc
613 668 715 727 deinde
734 677 951 746 praevertemur
966 665 1001 725 ad
1016 678 1149 742 generat

140 751 314 813 morborum.

97 845 148 900 163
213 837 261 894 11.
280 833 361 911 (46.)
378 831 481 910 Capilli
495 833 617 894 defluvia
629 835 741 893 ursinus
754 835 835 910 adips
844 833 970 892 admixto
982 831 1087 891 ladano
1100 840 1128 890 et

139 917 252 977 adianto
262 917 388 976 continet
396 916 603 993 alopeciasque
611 917 742 976 emendat
751 919 896 977 raritatem
908 915 1128 993 superciliorum

139 1018 202 1058 cum
216 999 311 1074 iungis
331 998 508 1058 lucernarum
526 1018 560 1061 ac
576 1000 694 1076 iuligine
711 1018 783 1077 quae
800 1001 885 1059 estin
900 999 1002 1057 rostris
1021 1016 1127 1058 earum.

139 1082 423 1159 inporriginemcom
432 1084 498 1142 vino
512 1083 640 1161 prodest.
657 1084 692 1143 ad
702 1083 924 1142 banoetcornns
937 1082 1126 1141 ceruinicinis
1135 1098 1158 1139 o

140 1167 249 1241 evino,
267 1174 354 1243 utque
371 1182 428 1224 non
446 1168 540 1227 taedia
556 1167 716 1226 animalium
733 1167 846 1245 capillis
864 1168 1044 1241 increscant,
1059 1166 1127 1225 item

140 1247 180 1307 iel
196 1250 342 1324 caprinum
358 1267 420 1309 oum
439 1260 517 1310 creta
534 1249 655 1309 Cimolia
671 1259 699 1308 et
714 1260 797 1309 aceto
812 1251 856 1309 sic
870 1259 901 1309 ut
911 1248 1025 1328 paulum
1042 1248 1128 1327 capiti

139 1331 311 1409 inarescant,
326 1334 392 1391 item
408 1333 447 1392 iel
462 1335 624 1409 scrolinum,
646 1334 726 1394 urina
742 1334 824 1393 tauri.
854 1335 878 1392 si
895 1349 968 1391 vero
983 1340 1067 1391 uetus
1082 1334 1127 1406 sit,

99 1416 284 1479 164iuriures
299 1418 384 1476 etiam
405 1417 518 1477 adiecto
547 1417 664 1495 sulpure
694 1417 834 1476 emendat.
873 1418 970 1475 cinere
994 1415 1128 1490 genitalis

140 1501 211 1558 asini
227 1502 345 1578 spissari
370 1500 503 1577 capillum
520 1509 618 1578 patant
635 1509 694 1560 eta
716 1501 820 1560 canitie
837 1500 990 1570 vindicari,
1016 1500 1040 1557 si
1056 1499 1128 1559 rasis
1138 1512 1159 1552 rs

139 1583 282 1657 inlinatur,
299 1582 473 1659 plumboque
492 1586 573 1642 tritus
589 1601 651 1642 cum
666 1583 748 1659 oleo,
766 1584 879 1643 densari
895 1592 924 1641 et
941 1582 1041 1640 asinini
1060 1581 1129 1659 pulli

141 1683 204 1724 cum
223 1667 317 1739 urina,
339 1664 495 1724 admiscent
510 1665 626 1724 nardum
647 1666 742 1726 fastidi
764 1669 866 1743 gratia.
894 1665 1044 1743 alopecias
1060 1664 1129 1726 ielle

139 1748 250 1806 taurino
269 1765 332 1805 cum
345 1745 494 1824 Aegyptio
508 1749 628 1807 alumine
644 1749 796 1826 tepefactis
814 1750 941 1809 inlinunt.
972 1750 1076 1826 capitis
1088 1748 1128 1806 ul-

141 1848 210 1890 cera
227 1831 366 1890 manantia
381 1831 460 1889 urina
476 1833 548 1890 tauri
563 1832 724 1890 efficaciter
740 1842 833 1907 sanat,
857 1835 923 1892 item
944 1832 1065 1892 bominis
1081 1849 1129 1889 ve·

139 1923 200 1988 tus,
219 1910 243 1973 si
258 1913 444 1988 cyclaminum
460 1910 598 1974 adiciatur
618 1924 647 1974 et
669 1915 784 1993 sulpur,
807 1917 954 1975 efficacius
975 1924 1071 1973 tamen
1091 1915 1161 1975 viar

140 1998 257 2056 tulinum
279 1997 335 2073 iel,
365 2014 422 2075 quo
448 2016 510 2057 cum
534 2007 618 2058 aceto
641 1999 783 2058 calefacto
806 2009 834 2058 et
855 1998 955 2058 lendes
982 1996 1129 2057 tolluntur.

99 2091 148 2144 165
161 2081 260 2139 sebum
276 2081 422 2141 vitulinum
444 2082 545 2160 capitis
565 2081 710 2141 ulceribus
733 2101 796 2141 eum
818 2083 879 2142 sale
902 2084 995 2141 tritum
1017 2081 1130 2140 utilissi-

141 2181 223 2221 mum.
253 2163 383 2222 landatur
398 2173 426 2222 et
438 2165 565 2240 volpium
577 2165 669 2242 adips,
686 2165 737 2224 sed
753 2167 910 2243 praecipue
924 2164 1023 2223 lelium
1039 2165 1132 2224 limum

141 2263 204 2303 cum
225 2247 331 2321 sinapis
348 2246 509 2325 parimodo
526 2247 643 2307 inlitum.
676 2250 783 2325 caprini
801 2267 905 2309 cornus
920 2247 1010 2307 larina
1028 2248 1076 2307 vel
1093 2248 1130 2306 ci·

140 2330 194 2404 nis,
216 2329 364 2406 magisque
379 2329 491 2404 hircini,
508 2330 602 2390 addito
618 2331 690 2389 nitro
707 2341 736 2390 et
752 2334 893 2392 tamaricis
909 2334 1019 2390 seminc
1035 2340 1064 2390 et
1079 2330 1129 2389 bu·
1139 2351 1161 2392 ac

140 2421 204 2486 tyro
221 2411 363 2490 oleoque,
387 2415 465 2492 prius
483 2415 577 2492 capite
592 2432 677 2491 raso,
699 2417 769 2474 mire
785 2418 931 2474 continent
945 2416 983 2473 ita
999 2413 1132 2474 lluentem

142 2497 288 2573 capillum,
313 2498 395 2556 sicuti
412 2499 507 2557 carnis
522 2500 619 2565 cinere
636 2518 672 2557 ex
688 2498 754 2558 oleo
770 2499 850 2557 inlita
864 2497 1018 2574 supercilia
1038 2499 1131 2574 nigro·

99 2589 252 2644 166scunt.
283 2579 359 2640 lacte
382 2583 501 2658 caprino
523 2581 615 2641 lendis
639 2581 701 2640 tolli
724 2582 852 2658 tradunt,
875 2582 941 2641 iimo
964 2599 1026 2639 cum
1046 2581 1132 2640 melle

141 2664 289 2740 alopecias
308 2665 436 2743 expleri,
453 2667 521 2724 item
542 2664 709 2741 ungularum
726 2667 822 2724 cinere
839 2683 901 2724 cum
918 2666 983 2742 pice
999 2664 1133 2723 liuentem

142 2746 276 2821 capillum
293 2749 442 2807 contineri..
473 2747 632 2825 Leporious
652 2749 723 2806 cinis
741 2766 803 2807 cum
819 2748 885 2807 oleo
901 2756 1013 2821 myrteo
1030 2747 1164 2826 capitisst

141 2827 272 2886 dolorem
288 2829 384 2904 sedat,
412 2838 480 2906 pota
502 2847 575 2907 aqua
598 2847 671 2908 quae
688 2831 790 2891 relicta
806 2840 881 2890 este
899 2830 982 2889 bovis
999 2839 1048 2890 aiut
1062 2831 1133 2891 asini

141 2918 211 2987 potu
233 2918 276 2982 et,
299 2912 323 2969 si
347 2912 505 2988 credimus,
531 2913 627 2990 volpis
644 2914 788 2973 masculae
803 2914 929 2989 genitale
952 2914 1132 2990 circumliga-

141 3001 207 3066 tum,
224 3009 328 3051 cornus
347 2995 455 3052 cervini
472 2997 543 3054 cinis
558 2995 653 3054 inlitus
670 3014 707 3054 ex
723 3006 808 3057 aceto
824 3006 872 3057 aut
887 3014 1012 3056 rosaceo
1034 3006 1082 3056 ant
1097 3014 1135 3056 ex

141 3092 224 3134 rrrno.

100 3169 148 3224 167
215 3160 299 3237 (47.)
324 3157 477 3219 Oculorum
492 3161 649 3239 epiphoras
670 3162 776 3223 bubulo
795 3163 867 3222 sebo
883 3181 945 3222 cnm
960 3163 1027 3222 oleo
1047 3173 1166 3224 coctocs

141 3243 268 3302 inlinunt.
300 3245 407 3302 cervini
421 3260 526 3302 cornus
539 3248 637 3305 cinere
652 3247 803 3306 scabritias
816 3247 972 3306 eorundem
985 3249 1134 3324 inungunt,

141 3344 293 3387 mucrones
308 3336 402 3387 autem
417 3328 499 3402 ipsos
522 3329 705 3389 efficaciores
721 3339 828 3407 putant.
862 3330 921 3407 lupi
939 3333 1134 3391 excrementis

142 3410 299 3469 circumlini
326 3410 511 3470 subfusiones
535 3413 668 3490 prodest,
697 3415 795 3472 cinere
822 3430 922 3471 eorum
946 3431 1009 3472 cum
1036 3413 1134 3474 Attico
