2400 3840
149 187 209 252 156
489 201 521 249 o.
536 201 633 250 rums
649 196 800 250 suenum
898 224 925 231 --
989 196 993 201 ·

144 357 253 417 maiore
271 352 426 418 medicina.
457 355 525 435 quid
550 350 644 432 ergol
675 354 830 416 dixerimus
857 354 966 416 berbas
985 362 1016 414 et
1039 355 1144 418 dorum

144 442 283 518 imagines
306 459 341 500 ac
356 440 497 518 pleraque
513 441 628 499 inventu
642 456 707 498 rara
724 457 758 521 ao
776 438 915 515 diflicilia,
931 437 1018 512 iidem
1031 439 1143 500 tacebi-

144 541 206 586 runs
222 523 289 602 quid
303 523 331 583 iu
345 525 412 602 ipso
429 522 545 583 homine
561 524 654 602 prosit
668 523 774 582 homiui
798 530 955 607 ceteraque
971 538 1144 599 genera-re·

144 607 302 668 mediorum
326 609 401 666 iuter
428 619 482 665 nos
504 608 645 680 viventia,
669 623 732 666 cnm
755 606 927 684 praesertim
949 605 1005 665 uisi
1032 608 1145 667 carenti

116 689 305 754 ndoloribus'
319 690 488 768 morbisque
502 686 570 749 ‘rita
597 691 661 767 ipsa
693 704 788 768 poena
815 687 885 750 iiati
916 689 1038 770 minime·
1058 702 1168 766 sero,s

112 839 119 848 ,
145 789 316 853 omnemque
332 776 506 833 insumemus
522 788 649 852 operam,
664 772 732 833 licet
747 773 843 833 lastidi
857 772 1017 851 pericnlum
1031 781 1144 851 urgeat,

145 858 260 939 quaudo
284 860 323 918 ita
344 857 493 917 decretum
514 865 576 934 est,
598 858 737 916 minorem
760 859 872 935 masiae
894 870 977 935 quam
991 856 1145 919 utilitatum

144 945 222 1003 vitae
236 948 403 1019 respectum
420 940 538 1000 babere.
573 941 640 1018 quin
656 940 741 999 immo
757 949 876 999 externa
893 957 1009 1018 qnoque
1031 948 1060 999 et
1080 938 1145 1000 bar·

145 1026 232 1086 baros
259 1025 330 1082 ritus
356 1022 563 1100 indagabimus.
614 1022 693 1083 lides-
712 1020 818 1084 tautum
846 1032 982 1083 auctores
1001 1023 1144 1103 appellet,

147 1124 315 1187 quamquam
342 1115 372 1167 et
391 1107 447 1185 ipsi
470 1122 613 1167 consensu
635 1124 729 1187 prope
748 1107 872 1167 iudicata
896 1106 1008 1183 eligere
1029 1104 1176 1167 labora-u

116 1193 236 1256 3vimus
254 1191 411 1270 potiusque
434 1208 521 1250 curae
540 1208 635 1251 rernm
652 1208 735 1268 quam
754 1191 858 1270 copiae
882 1191 1041 1271 institimus.
1075 1188 1146 1250 illud

102 1274 163 1357 ,2333
167 1280 207 1361 dl?
214 1275 399 1335 admonuisse
414 1291 552 1354 perquam
566 1276 763 1335 necessarium
785 1283 838 1350 est,
853 1272 945 1333 dictas
959 1274 1015 1333 iam
1031 1273 1146 1353 anobis

144 1369 261 1420 naturas
283 1358 443 1419 animalium
465 1368 494 1418 et
510 1374 589 1438 quae
610 1358 750 1437 cuiusque
766 1364 866 1417 esseut
881 1359 1013 1433 inventa,
1036 1372 1145 1438 ft-‘ue-

64 1440 73 1459 ⁹
144 1461 202 1522 qne
223 1443 298 1502 enim
321 1442 413 1501 minus
434 1442 574 1521 profuere
594 1441 753 1501 medicinas
771 1440 947 1520 reperiendo
969 1454 1054 1519 quam
1077 1456 1146 1521 pro·

36 1560 39 1564 ι
147 1534 212 1586 sunt
220 1525 401 1605 praebendo,
412 1559 454 1571 —-
467 1541 540 1585 nuno
552 1542 627 1604 qnae
640 1527 668 1584 in
682 1526 754 1604 ipsis
765 1523 938 1583 auxilientur
949 1523 1081 1601 indicari,
1096 1527 1177 1584 rue-rb

147 1627 202 1688 qne
217 1609 324 1669 illic‘in
337 1618 427 1667 totum
441 1609 560 1685 omissa,
585 1608 659 1668 baeu
674 1611 771 1686 itaque
790 1626 857 1666 esse
874 1606 989 1685 quidem
1005 1607 1071 1685 alia,
1087 1607 1147 1668 illis

146 1701 242 1751 tamen
257 1707 382 1750 conexa.
990 1722 992 1727 ,

117 1785 136 1837 4
208 1774 272 1852 (2.)
295 1772 471 1851 Incipiemus
486 1783 579 1833 autem
595 1774 631 1834 ab
643 1775 758 1834 bomine
773 1775 867 1853 ipsum
878 1775 932 1834 sibi
947 1775 1147 1853 exquirentes,

146 1858 274 1916 inmensa
292 1857 385 1916 statim
406 1852 572 1918 difficultate
592 1857 688 1917 obvia.
719 1859 887 1934 sangninem
906 1875 1022 1936 quoqne
1036 1856 1145 1934 gladia·

146 1949 240 2000 torum
267 1939 367 1999 bibu'ut
384 1940 557 2001 intuentibus
579 1941 694 2021 populis
716 1942 876 2001 comitiales
904 1940 1039 2021 [morbi],
1069 1940 1179 2019 qdodsu

149 2024 290 2103 spectare
306 2023 439 2084 facientis
457 2025 485 2084 iu
501 2025 601 2085 eadem
616 2027 724 2086 harena
740 2025 819 2085 ieras
836 2036 952 2103 qnoque
968 2025 1079 2084 borror·
1090 2032 1145 2084 est.

147 2117 186 2184 at,
203 2108 346 2184 Hercule,
369 2109 410 2169 illi
426 2127 463 2168 err
480 2108 594 2168 bomine
611 2112 677 2188 ipso
698 2109 820 2168 sorbere
839 2109 1070 2168 efficacissimum
1094 2126 1145 2187 pu·

148 2199 207 2250 tant
224 2190 345 2250 calidum
371 2193 584 2271 spirantemque
607 2203 635 2251 et
659 2209 712 2253 uua
734 2196 826 2271 ipsam
846 2193 966 2252 animam
981 2210 1019 2250 ex
1041 2190 1145 2251 osculo

147 2273 315 2347 volnerum,
340 2291 403 2332 uum
417 2274 511 2353 plagis
529 2292 565 2334 ue
582 2275 706 2334 letarum
723 2275 836 2354 quidem
851 2276 999 2336 admoveri
1015 2292 1066 2335 ora
1081 2293 1146 2336 mos

147 2358 183 2415 sit
197 2355 327 2415 bumana.
356 2357 403 2416 alii
425 2356 567 2417 medullas
590 2376 703 2418 crurum
726 2368 865 2436 quaeruut
883 2368 911 2418 et
927 2360 1080 2419 cerebrum
1103 2360 1179 2420 inst

119 2439 275 2504 uiantium.
297 2457 352 2499 nee
368 2443 453 2519 pauci
469 2441 544 2520 apud
562 2440 692 2503 Graecos
707 2443 883 2520 singulorum
899 2444 1043 2501 viscerum
1057 2459 1145 2501 meru·

147 2523 322 2604 brornmqne
347 2526 434 2586 etiam
457 2542 581 2605 sapores
601 2526 702 2586 dixere
717 2528 810 2586 omnia
827 2526 975 2605 persecuti
995 2543 1088 2604 usque
1109 2524 1146 2585 ad

118 2672 121 2679 ,
147 2609 308 2685 resegmina
325 2610 470 2686 unguium,
485 2611 650 2688 quasivero
662 2611 770 2670 sanitas
784 2609 877 2669 videri
893 2610 985 2689 possit
1000 2608 1092 2668 leram
1108 2626 1147 2668 ex

147 2692 263 2752 bomine
278 2693 349 2754 >fieri
370 2693 532 2772 morboque
553 2693 667 2770 dignum
686 2695 715 2752 in
737 2694 800 2773 ipsa
827 2692 986 2768 medicina,
1010 2693 1144 2769 egregia,

147 2774 304 2851 Hercules,
318 2775 520 2853 frustratione,
545 2777 570 2834 si
590 2793 649 2835 non
676 2779 778 2854 prosit.
812 2776 923 2855 adspici
938 2776 1058 2835 bumana
1077 2785 1179 2836 extass

119 2858 230 2922 finelas
243 2857 376 2934 babetur,
393 2858 459 2937 quid
473 2855 588 2918 mandi?
607 2861 671 2937 quis
686 2860 741 2918 ista
752 2860 871 2936 invenit,
884 2856 1033 2919 Osthane?
1048 2867 1146 2919 tecum

148 2942 223 2999 eninr
240 2957 288 2999 res
306 2941 376 3016 erit,
400 2957 522 3000 eversor
538 2941 608 3001 iuris
629 2941 743 3001 bomani
763 2952 1014 3021 monstrorumque
1038 2942 1146 3002 artilex

149 3024 197 3101 qui
212 3023 320 3101 primus
341 3041 376 3083 ea
400 3023 566 3101 condidisti,
581 3024 685 3101 eredo,
708 3043 745 3085 ne
766 3027 824 3085 vita
848 3028 888 3085 tui
912 3025 1144 3085 oblivisceretur.

149 3107 213 3186 quis
232 3107 341 3167 invenit
356 3107 468 3184 singula
490 3108 616 3168 membra
636 3106 758 3169 humana
778 3109 936 3170 mandere?
968 3127 1024 3189 qua
1046 3111 1144 3169 corrie-

149 3199 229 3251 ctura
241 3187 394 3250 inductus?
409 3208 493 3268 quarn
504 3199 603 3270 potest
616 3191 756 3253 medicina
768 3194 822 3254 ista
834 3193 977 3270 originem
987 3191 1180 3257 babuisselss

148 3275 213 3354 quis
227 3275 370 3335 veneficia
386 3276 586 3336 innocentiora
609 3275 679 3336 iecit
699 3293 782 3356 quam
800 3274 950 3337 remedia?
982 3287 1057 3352 esto,
1078 3276 1145 3337 bar·

147 3358 211 3418 bari
228 3360 399 3436 extemiqne
414 3360 484 3418 ritus
500 3359 677 3438 invenerint,
699 3361 822 3421 etiamne
837 3359 942 3420 Graeci
959 3377 1027 3420 suas
1041 3359 1145 3421 iecere

118 3441 199 3507 thas
219 3439 311 3503 artis?
342 3450 459 3502 emtam
478 3448 734 3507 commentationes
754 3443 913 3505 Democriti
937 3442 973 3503 ad
990 3444 1046 3504 alia
1062 3443 1144 3504 noxii
