2400 3840
135 263 197 327 258
471 274 774 325 crnmrsncunru

135 429 315 491 harenaceae
331 429 467 507 duritiae,
488 429 542 490 hae
558 429 742 490 dentitionem
760 428 873 488 facilem
888 438 1034 508 praestant
1049 429 1130 492 adal-

135 514 253 590 ligatae.
285 513 450 573 coclearum
465 515 587 573 inaninm
603 514 674 572 cinis
693 529 779 572 cerae
794 513 899 572 mixtus
916 512 1128 591 procidentium

93 606 142 661 137
154 598 366 658 interaneorum
381 598 469 675 partis
482 606 626 656 extremas
640 595 783 674 prohibet.
799 605 915 674 oportet
927 607 1021 656 autem
1037 599 1128 657 cineri

133 682 249 741 misceri
265 681 373 739 saniem
385 681 498 759 punctis
510 681 641 738 emissam
659 698 676 738 e
688 679 810 739 cerebro
822 681 952 757 viperae.
974 679 1126 739 cerebrum

132 765 251 843 viperae
267 762 376 822 inlitum
393 763 547 841 pelliculae
563 762 736 822 dentitiones
754 762 876 822 adiuvat.
899 764 974 822 idem
986 763 1084 823 valent
1098 772 1152 826 ets

133 846 315 924 grandissimi
331 847 432 906 dentes
448 848 632 925 serpentium.
660 848 753 906 fimum
770 848 851 904 corvi
866 847 929 905 lana
942 846 1126 922 adalligatum

133 931 279 990 infantium
301 930 372 988 tussi
396 930 534 1005 medetur.
564 931 613 988 vix
634 939 678 989 est
708 930 785 988 serio
808 930 955 1008 conplecti
975 930 1126 1007 quaedam,

132 1030 190 1072 non
209 1011 364 1072 omittenda
385 1022 493 1089 tamen,
516 1014 582 1092 quia
604 1023 668 1073 sunt
689 1013 812 1092 prodita.
858 1015 949 1072 ramiti
978 1013 1127 1072 infantium

133 1096 243 1156 lacerta
266 1094 374 1155 mederi
402 1096 507 1160 iubent.
551 1115 657 1156 marem
684 1096 757 1156 hauc
785 1096 902 1175 prendi,
928 1096 1076 1173 intellegi,
1101 1098 1126 1155 si

91 1190 142 1244 138
154 1178 244 1239 cauda
265 1197 346 1238 unam
369 1197 520 1241 cavernam
538 1180 652 1240 habeat.
694 1180 722 1238 id
738 1179 879 1255 agendum
901 1188 931 1237 ut
951 1197 1004 1257 per
1027 1197 1160 1240 aurumru

132 1270 161 1321 et
176 1269 325 1337 argentum
347 1273 375 1322 et
393 1272 501 1324 ostrum
523 1264 653 1323 mordeat
669 1263 776 1322 vitium.
809 1272 866 1321 tum
886 1263 914 1320 in
938 1262 1031 1323 calice
1047 1279 1124 1322 novo

132 1345 275 1422 inligatur,
291 1347 319 1404 in
334 1345 411 1406 lurno
430 1351 554 1426 ponitur.
573 1349 654 1407 urina
668 1344 813 1405 inlautium
833 1344 984 1405 cohibetur
998 1346 1126 1406 muribus

133 1428 216 1487 elixis
238 1430 266 1486 in
289 1429 355 1489 cibo
370 1430 452 1491 datis.
484 1429 707 1490 scarabaeorum
729 1447 835 1489 cornua
856 1427 975 1505 grandia
997 1430 1125 1488 denticu-

91 1523 140 1576 139
153 1512 209 1572 lata
229 1511 382 1589 adalligata
405 1516 439 1573 iis
459 1513 575 1574 amuleti
594 1522 722 1573 naturam
746 1514 885 1590 optinent.
915 1512 1013 1571 Bovae
1038 1512 1124 1590 capiti

132 1595 259 1675 lapillum
274 1597 370 1656 inesse
386 1598 509 1672 tradunt,
525 1614 609 1675 quem
624 1596 659 1656 ab
676 1613 710 1655 ea
726 1597 839 1674 exspui,
856 1597 881 1653 si
897 1613 999 1654 necem
1014 1597 1122 1671 timeat,
1133 1613 1161 1654 rs

131 1680 303 1756 inopinantis
329 1682 463 1759 praeciso
486 1681 581 1758 capite
605 1687 767 1757 exemptum
789 1677 1030 1756 adalligatumque
1053 1681 1124 1738 mire

132 1761 275 1840 prodesse
290 1761 447 1822 dentitioui.
470 1763 536 1821 item
552 1762 703 1822 cerebrum
720 1761 847 1821 eiusdem
860 1762 895 1821 ad
910 1762 1031 1820 eundem
1041 1780 1122 1821 usum

132 1843 280 1920 adalligari
295 1843 392 1904 iubent
409 1856 437 1904 et
452 1846 560 1905 limacis
576 1844 703 1922 lapillum
719 1845 780 1904 sive
795 1844 967 1919 ossiculum,
981 1847 1124 1904 invenitur

131 1929 160 1986 in
180 1928 278 1986 dorso.
306 1928 458 2005 magnifice
473 1929 550 1987 iuvat
567 1937 596 1986 et
617 1928 680 1989 ovis
705 1927 856 1987 cerebrum
871 1929 997 2003 gingivis
1014 1927 1122 1987 inlitum

131 2013 205 2070 sicut
220 2012 296 2071 auris
319 2011 401 2090 adips
421 2013 570 2071 anserinus
589 2029 652 2070 cum
670 2012 754 2070 ocimi
776 2028 847 2070 suco
869 2013 1020 2087 inpositus.
1059 2021 1162 2071 senlac

131 2094 279 2154 vermiculi
292 2096 319 2153 in
335 2096 461 2173 spinosis
477 2095 583 2173 asperi,
599 2094 775 2170 lanuginosl,
793 2094 847 2153 hos
863 2093 1035 2169 adalligatos
1057 2113 1125 2175 pro-

131 2180 204 2236 tinus
218 2178 327 2237 mederi
342 2177 455 2237 tradunt
476 2177 641 2254 infantibus,
657 2179 681 2235 si
697 2177 763 2254 quid
779 2196 816 2235 ex
831 2176 897 2235 cibo
910 2175 1039 2237 haereat.

90 2269 140 2322 140
204 2259 287 2338 (48.)
309 2260 432 2319 Somnos
449 2261 546 2320 adlicit
562 2276 703 2338 oesypum
720 2278 781 2319 cum
801 2278 914 2319 murrae
930 2269 1075 2319 momento
1096 2263 1124 2320 in

130 2343 188 2401 vini
204 2343 314 2416 cyathis
331 2343 442 2403 duobus
457 2344 589 2417 dilutum,
606 2343 653 2402 vel
670 2361 733 2402 cum
747 2343 832 2420 adipe
847 2343 981 2402 anserino
1004 2353 1034 2402 et
1054 2345 1122 2403 vino

131 2425 255 2500 myrtite,
278 2427 339 2485 avis
354 2426 472 2486 cuculus
487 2427 618 2504 leporina
632 2427 711 2504 pelle
725 2426 911 2503 adalligatus,
930 2425 1060 2486 ,ardiolae
1076 2444 1122 2486 ro·
1132 2443 1160 2483 re

133 2518 220 2568 strum
232 2509 260 2567 ln
280 2508 360 2588 pelle
385 2511 494 2570 asinina
515 2510 602 2569 fronti
626 2507 816 2587 adalligatum.
847 2518 945 2587 putant
967 2517 995 2568 et
1014 2527 1069 2586 per
1091 2528 1123 2569 se

131 2601 254 2652 rostrum
281 2592 402 2653 ellectus
429 2594 556 2654 eiusdem
583 2611 649 2652 esse
673 2595 740 2653 vino
772 2591 905 2651 calutum.
950 2611 972 2672 e
1006 2592 1123 2655 diverso

131 2693 259 2735 somnum
274 2685 355 2736 arcet
369 2677 585 2755 vespertilionis
601 2685 686 2753 caput
698 2675 806 2736 aridum
822 2676 1015 2751 adalligatum.

89 2768 138 2823 141
203 2758 285 2838 (49.)
307 2760 339 2819 ln
351 2761 430 2820 urina
441 2761 516 2820 virili
530 2768 651 2819 enecata
666 2758 776 2819 lacerta
791 2777 927 2818 venerem
940 2760 1001 2816 eius
1017 2759 1065 2836 qui
1081 2759 1123 2818 ie·

132 2843 204 2902 cerit
218 2842 335 2903 inhibet.
362 2861 426 2904 nam
447 2847 520 2904 inter
542 2843 679 2904 amatoria
699 2860 765 2901 esse
779 2841 856 2918 Magi
877 2842 981 2901 dicunt.
1012 2841 1164 2901 inhibetao-

132 2934 161 2985 et
176 2926 269 2985 fimum
291 2927 411 2987 cocleae
440 2937 468 2987 et
488 2925 679 2987 columbinum
701 2943 763 2984 cum
784 2926 852 2984 oleo
874 2933 903 2984 et
924 2926 992 2983 vino
1013 2934 1121 3002 potum.

132 3008 274 3087 pulmonis
285 3010 419 3071 volturini
436 3011 554 3071 dextrae
570 3018 668 3087 partes
680 3026 816 3068 venerem
834 3009 978 3067 concitant
989 3008 1059 3066 viris
1075 3007 1121 3066 ad·

132 3090 267 3168 alligatae
284 3096 362 3170 gruis
377 3094 472 3172 pelle,
486 3096 554 3152 item
570 3093 595 3151 si
613 3092 689 3152 lutea
704 3110 742 3150 ex
757 3093 821 3151 ovis
836 3093 959 3169 quinque
976 3090 1120 3151 columba·

131 3194 192 3235 rum
213 3177 338 3237 admixto
361 3177 452 3254 adipis
467 3176 543 3235 suilli
564 3175 662 3235 denari
677 3175 806 3253 pondere
824 3193 863 3234 ex
879 3173 965 3233 melle
982 3174 1120 3234 sorbean-

130 3268 185 3335 tur,
203 3278 340 3338 passeres
355 3262 383 3318 iu
399 3259 465 3318 cibo
480 3258 529 3317 vel
544 3276 598 3318 ova
614 3276 729 3334 eorum,
752 3257 904 3335 gallinacei
920 3256 1022 3316 dexter
1037 3257 1157 3317 testisan

89 3353 139 3408 142
151 3345 269 3404 arietina
284 3344 364 3423 pelle
376 3342 556 3418 adalligatus.
592 3340 681 3401 lbium
705 3344 818 3401 cineres
834 3358 895 3400 cum
910 3339 996 3418 adipe
1010 3340 1121 3399 auseris

131 3434 160 3486 et
174 3427 246 3486 irino
263 3428 418 3506 perunctis,
434 3427 458 3484 si
479 3435 648 3504 conceptum
664 3427 710 3501 sit,
726 3434 824 3504 partus
841 3423 1000 3499 continere,
1021 3431 1121 3483 contra

58 3568 63 3576 ,
128 3508 250 3570 inhiberi
275 3526 410 3569 venerem
436 3509 605 3588 pugnatoris
625 3508 696 3586 galli
716 3507 858 3569 testiculis
877 3508 1011 3567 anserino
1035 3505 1121 3586 adipe
