2400 3840
138 190 197 256 158
489 200 519 249 0.
534 198 631 250 eunti
645 198 796 250 SECUNDI

135 376 208 419 anae
221 355 301 417 urbis
314 355 462 417 lillVllll.
493 355 599 416 Boario
612 371 685 415 vero
700 356 728 414 in
742 354 808 415 loro
820 352 962 420 draccum
975 349 1132 419 Graecam·

134 459 190 522 quc
205 440 341 502 ‹leiossos
358 449 405 500 aut
419 440 539 501 aliarum
557 439 768 516 gentium-curn
788 438 891 517 quibus
909 447 967 498 tum
983 456 1033 498 res
1048 449 1131 502 essct

134 527 220 586 etiam
236 532 335 586 nostra
355 532 436 583 aetas
460 523 539 584 sidit.
569 522 651 582 cuius
670 522 747 582 sacri
763 522 962 600 precationem
978 539 1034 601 qua
1051 524 1132 586 solet

135 606 250 689 praeire
266 605 529 686 quindecemrirum
543 605 661 682 conlegi
676 600 815 682 magister
829 607 854 665 si
871 606 934 683 quis
948 606 1043 683 legat,
1060 622 1130 686 pro·

134 692 213 752 iectu
230 693 287 750 rim
304 692 459 750 carminum
473 689 611 764 latentur,
633 691 726 748 onmia
742 704 777 749 ea
792 686 1020 766 adprobantibus
1036 692 1152 754 ostiu-a

93 787 128 841 13
138 784 291 854 geniorum
306 774 420 850 triginta
432 788 570 833 annorum
585 770 744 831 eventibus.
770 771 899 832 Vestalis
912 782 1028 832 nostras
1040 772 1130 834 hodie

136 859 278 921 credimus
291 854 415 917 nondum
429 872 551 932 egressa
574 854 646 915 urbe
659 855 800 935 mancipia
819 854 939 931 fugitiva
953 857 1081 916 retinere
1100 859 1130 916 in

135 943 205 1004 loco
221 939 452 1019 precationibus,
469 955 541 1015 cum,
556 940 580 998 si
595 938 686 998 semel
700 940 856 1018 recipiatur
869 956 906 999 ea
920 942 995 1000 ratis
1011 948 1040 999 ct
1055 936 1132 1000 deos

136 1042 241 1105 preces
258 1023 369 1101 aliquas
385 1021 520 1083 exaudire
534 1030 582 1082 ant
596 1020 654 1081 illis
674 1023 785 1082 moueri
799 1020 914 1099 serbis,
936 1022 1128 1084 confitendum

136 1110 173 1168 sit
191 1106 228 1167 de
248 1113 308 1166 tota
323 1107 516 1166 coniectione.
545 1105 634 1185 prisci
654 1105 767 1183 quidem
782 1106 874 1164 nostri
896 1114 1038 1184 perpetuo
1060 1107 1165 1168 taliam

138 1188 302 1265 credidere,
317 1187 574 1266 difficillimumque
588 1195 626 1248 ex
640 1186 686 1247 bis
703 1189 786 1249 etlam
801 1187 917 1248 lulmina
932 1189 1011 1267 elici,
1026 1199 1057 1249 ut
1074 1204 1129 1251 suo

101 1295 119 1337 a,
132 1274 247 1335 saloco
264 1271 421 1332 docuimus.
500 1310 503 1317 ·
952 1272 956 1277 ’

96 1367 129 1423 14
201 1357 263 1436 (4.)
285 1356 317 1416 L.
338 1356 406 1416 Pisa
419 1357 511 1434 primo
525 1353 667 1415 annalium
682 1362 784 1414 auctor
797 1362 843 1414 est
854 1354 967 1415 lullum
977 1352 1130 1417 Hostilium

136 1458 238 1519 regem
262 1457 301 1500 ex
320 1438 430 1500 Numae
451 1439 533 1499 libris
556 1437 660 1497 eodeni
679 1453 735 1515 quo
763 1437 842 1499 illum
865 1440 1010 1499 sacrificio
1031 1437 1135 1507 lovem,

139 1525 222 1586 caelo
236 1522 382 1583 devocare
398 1531 539 1597 conatum,
556 1522 688 1599 quoniam
704 1539 802 1600 parum
817 1521 872 1582 rite
888 1523 1027 1600 quaedam
1042 1520 1165 1582 icoleis

138 1617 193 1683 set,
208 1605 326 1667 fulmine
336 1607 433 1682 ictum,
443 1604 524 1665 multi
538 1620 610 1664 vero
622 1621 786 1680 magnarum
799 1623 896 1664 rerum
907 1609 964 1666 iata
976 1614 1006 1665 et
1014 1614 1129 1666 ostenta

96 1702 129 1755 15
140 1689 238 1750 verbis
254 1689 418 1766 permutari.
448 1705 511 1746 cum
531 1687 559 1746 iu
574 1686 698 1766 Tarpeio
720 1686 865 1748 fodientes
885 1687 1008 1749 delubro
1030 1688 1129 1749 iundu·

137 1780 233 1832 menta
247 1779 335 1848 caput
348 1770 497 1830 bumanum
513 1769 707 1846 invenissent,
727 1772 823 1830 missis
841 1771 879 1831 ob
901 1771 981 1833 idad
996 1790 1029 1834 se
1048 1772 1128 1848 legu-

138 1857 175 1916 tis
195 1853 328 1914 Etruriae
352 1852 560 1914 celeberrimus
580 1861 662 1913 rates
679 1853 789 1914 Olenus
803 1852 929 1917 Galenus
948 1855 1130 1934 praeclarum

137 1938 166 1999 id
195 1938 426 2015 fortunatumque
455 1953 578 1996 cernens
604 1938 830 2014 interrogatione
854 1940 882 1997 iu
913 1957 992 1999 suam
1012 1947 1166 2016 geatemss

138 2020 296 2082 transferre
311 2020 461 2098 temptavit
470 2019 600 2098 scipione
613 2020 799 2081 determinata
808 2022 887 2099 prius
898 2021 1130 2101 templilmagine

139 2104 244 2165 insolo
260 2113 387 2164 antese:
423 2100 499 2163 lloc
520 2121 610 2180 ergo
625 2103 768 2179 dicitis,
787 2104 1027 2182 liomani,bio
1042 2113 1130 2165 tem·

141 2187 235 2267 plum
248 2185 348 2246 loris
364 2187 504 2268 optumi
520 2186 671 2246 maxumi
686 2187 844 2247 futurum
859 2196 933 2264 est,
947 2188 1006 2248 bic
1021 2196 1131 2267 caput

140 2268 369 2331 invenimus?
399 2270 629 2332 constantissima
653 2271 794 2330 annalium
811 2270 1006 2331 adfirmatione
1029 2272 1130 2332 mansi·

139 2365 233 2415 turum
247 2354 337 2414 inisse
353 2353 441 2414 iatum
462 2355 490 2412 in
503 2352 664 2429 Etruriam,
691 2355 727 2414 ni
742 2356 912 2432 praemoniti
935 2373 952 2415 a
973 2354 1032 2415 illio
1054 2355 1181 2414 natira

140 2438 231 2514 legati
246 2437 482 2517 respondissent:
503 2435 581 2497 Non
603 2436 715 2514 plane
741 2437 800 2498 b'ic
826 2439 891 2498 sed
917 2439 1052 2498 Romae
1076 2438 1129 2496 in·

99 2529 287 2588 leventum
302 2531 411 2600 caput
426 2520 591 2581 dicimus.
612 2522 714 2582 iterum
730 2520 758 2580 id
768 2521 910 2581 accidisse
927 2521 1051 2596 tradunt,
1066 2537 1131 2580 cum

140 2607 169 2665 in
185 2604 329 2682 fastigium
344 2604 473 2664 eiusdem
483 2603 596 2664 delubri
606 2610 796 2682 praeparatae
812 2603 968 2683 quadrigae
983 2604 1088 2664 fictiles
1102 2605 1132 2662 lu

141 2689 261 2748 fornace
283 2689 459 2765 crevissent,
483 2688 586 2748 iterum
606 2688 692 2747 simili
709 2687 795 2748 modo
816 2697 956 2747 retentum
971 2689 1130 2764 augurium.

100 2781 131 2835 17
143 2769 304 2830 llaecsatis
324 2771 380 2831 sint
399 2770 542 2849 exemplis
559 2779 589 2830 nt
607 2770 745 2850 adpareat
765 2779 943 2830 ostentorum
961 2772 1032 2829 viris
1054 2779 1087 2830 et·
1101 2770 1169 2830 into

141 2861 240 2914 nostra
255 2862 399 2931 potestate
416 2872 484 2915 esse
503 2871 538 2914 ae
558 2863 644 2932 prout
659 2870 792 2932 quaeque
809 2863 930 2934 accepta
950 2855 1006 2913 sint
1027 2855 1066 2914 itu
1081 2870 1131 2913 ua·

142 2937 213 2996 lere.
238 2937 268 2996 iu
280 2955 419 3014 augurum
436 2946 517 2997 certe
532 2936 684 3015 disciplina
701 2945 813 2996 constat
826 2955 922 3016 neque
943 2938 1019 2997 diras
1035 2953 1132 3014 aeque

142 3019 200 3079 ulla
212 3022 339 3099 auspicia
356 3021 502 3101 pertinere
519 3017 555 3080 ad
568 3036 622 3078 eos
636 3020 683 3097 qui
699 3037 839 3098 quamque
859 3039 921 3081 rem
935 3020 1132 3097 ingredientes

142 3103 319 3164 obscurasse
334 3121 369 3165 ea
386 3103 573 3180 negaverint,
595 3120 652 3180 quo
670 3119 790 3163 munere
808 3104 921 3164 divinae
935 3103 1133 3180 indulgentiae

142 3187 232 3247 maius
247 3187 354 3247 nulium
370 3194 425 3245 est.
460 3182 549 3262 quid?
575 3202 632 3245 non
656 3195 686 3246 et
708 3187 805 3264 legum
827 3188 953 3267 ipsarum
973 3187 1002 3246 in
1024 3186 1184 3251 duale-au·

143 3271 198 3330 cim
221 3269 326 3331 tabulis
346 3267 438 3328 rerba
456 3276 538 3327 sunt:
569 3270 629 3347 qui
658 3269 790 3348 iruges
818 3271 1074 3345 excantassit,
1104 3279 1135 3330 et

101 3351 227 3418 rsabbi:
258 3353 318 3431 qui
332 3351 456 3412 malum
475 3351 880 3414 carmsnincanrarsir?
912 3354 1032 3414 Verrius
1046 3353 1134 3414 Flac-

144 3454 194 3496 cus
214 3445 349 3496 auctores
368 3434 450 3512 pouit
464 3434 577 3514 ,quibus
600 3437 701 3499 credat
718 3439 755 3498 'ln
780 3437 1045 3518 oppugnationibus
1067 3445 1137 3498 ante
