2400 3840
129 189 187 251 120
460 200 770 250 o.en11a1sacau1›1
890 214 894 219 ·

124 355 346 417 concoctionem
367 356 454 432 iacit,
480 358 509 415 in
530 355 695 430 oxymelitis
716 355 826 430 cyathis
851 355 942 416 tribus
962 355 1117 418 hachmae

122 439 253 519 pandere
271 448 300 499 et
323 440 469 517 crapulam
484 439 615 517 discutit,
640 441 708 499 item
731 442 877 517 agaricum
893 448 961 520 post
974 439 1068 501 cibam
1087 442 1117 500 in

123 541 196 604 aqna
225 522 317 582 calida
346 531 455 601 potum.
505 522 665 598 Paralysim
690 523 845 585 Vettonica
872 541 977 584 sanare
1002 522 1116 601 dicitur,

86 628 119 673 aa,
130 629 155 663 aa
166 608 234 666 item
249 606 339 666 iberia
358 615 389 665 at
402 606 509 666 dictum
525 615 579 666 est.
615 606 716 668 eadem
736 615 765 666 et
784 606 966 686 torpentibus
980 606 1117 667 membris

122 690 253 770 prodest,
268 691 337 749 item
352 691 519 765 argemonia
535 692 629 751 omnia
644 706 719 768 quae
733 692 827 751 secari
843 691 1045 769 periclitentur
1058 689 1140 751 dis-s

123 774 268 835 cutieudo.

79 872 133 925 113
197 857 280 935 (70.)
303 855 462 917 caminatis
476 866 577 917 sanant
588 874 716 935 panaces
731 874 814 934 quam
825 856 982 917 Heraclion
994 850 1117 918 diximus

87 943 118 984 ²⁵·
127 943 152 978 ⁸²
170 940 268 1001 radice
285 947 354 1018 pota
376 958 440 999 cum
456 940 581 1017 coagulo
600 940 681 1001 vituli
699 941 798 999 marini
819 942 857 1000 ita
871 949 901 999 ut
924 943 979 1000 sint
997 942 1117 1020 panacis

121 1034 182 1083 tres
199 1031 308 1103 partes,
325 1023 464 1102 plantago
482 1032 566 1102 pota,
586 1025 742 1084 Vettonica
757 1024 787 1084 in
802 1022 966 1098 oxymelitis
981 1023 1118 1085 draeisma

121 1107 169 1167 vel
188 1107 328 1184 agaricon
343 1106 437 1167 obolis
452 1106 559 1184 tribus,
580 1106 651 1168 iolla
666 1107 845 1186 quinqueiali
862 1125 900 1167 ex
916 1125 1000 1187 aqua.
1035 1117 1153 1170 sanatio

123 1199 153 1250 et
168 1189 365 1266 archotamia,
387 1190 440 1252 sed
454 1208 529 1252 anna
545 1200 625 1270 pota.
655 1199 737 1251 sanat
751 1199 781 1250 et
794 1190 926 1252 baccaris
941 1191 1023 1252 radix
1037 1190 1118 1252 arida

122 1275 151 1333 in
177 1273 327 1354 pulverem
353 1277 476 1335 contrita
499 1274 611 1350 cyathis
638 1273 730 1334 tribus
757 1292 822 1334 cunr
844 1274 987 1335 coriandri
1007 1293 1064 1335 nno
1088 1276 1118 1334 in

80 1367 132 1424 114
142 1375 215 1437 aqua
234 1357 342 1434 calida,
369 1367 399 1418 et
413 1359 601 1419 centunculus
616 1359 681 1418 trita
696 1360 724 1417 in
739 1367 824 1418 aceto
846 1366 894 1418 ant
908 1358 994 1418 melle
1018 1367 1066 1418 aut
1089 1358 1118 1416 in

123 1460 196 1522 aqna
212 1441 323 1518 calida,
347 1443 513 1504 verbenaca
535 1461 573 1502 ex
591 1442 658 1501 vino
674 1451 759 1520 pota,
782 1441 888 1520 hysopi
909 1441 1001 1502 bacae
1016 1451 1119 1502 ternae

123 1529 264 1586 contritae
282 1535 311 1585 et
330 1527 358 1585 in
378 1544 452 1604 aqna
478 1535 567 1605 potae
593 1525 696 1586 diebus
716 1523 802 1603 XVI,
832 1525 1028 1603 peucedanum
1051 1542 1154 1590 camus

123 1610 248 1686 coagula
265 1609 349 1668 vituli
365 1611 465 1669 marini
481 1609 583 1686 aequis
602 1607 783 1685 portionibus
803 1617 914 1686 potum,
937 1607 1118 1687 quinquefoli
1161 1622 1165 1631 ¹

124 1693 246 1752 contrita
269 1691 339 1750 lolia
359 1709 397 1750 ex
419 1693 486 1752 vino
512 1701 542 1751 et
566 1700 677 1770 sumpta
701 1691 803 1751 diebus
821 1689 921 1768 XXX,
943 1692 1118 1753 vettonicae

122 1775 214 1834 iariua
228 1773 358 1852 pondere
373 1773 401 1834 X
417 1788 459 1833 111
475 1792 538 1834 cnm
553 1776 629 1834 aceti
643 1774 771 1835 scillitici
785 1774 905 1851 cyatho,
922 1774 1016 1835 mellis
1026 1774 1118 1835 Attici

122 1858 223 1933 uncia,
253 1858 454 1918 scammoniam
483 1856 579 1919 obolis
606 1855 718 1918 duobus
739 1875 803 1918 cnm
825 1859 952 1919 castorei
973 1857 1118 1919 drachmis

143 1949 266 2001 nattuor.
1126 1958 1155 2005 ao

80 1959 142 2090 115q
192 2024 274 2103 (71.)
296 2025 400 2087 Febris
422 2025 543 2103 irigidas
565 2025 694 2086 leviores
715 2025 784 2086 iacit
799 2026 946 2102 agaricum
969 2035 1068 2104 patum
1089 2028 1118 2085 in

124 2109 215 2170 calida
235 2127 319 2188 aqua,
334 2110 473 2170 tertianas
494 2109 620 2168 sideritis
635 2126 699 2169 cum
713 2109 792 2185 olea,
806 2111 875 2168 item
890 2108 1022 2170 ladanum
1040 2109 1118 2188 quad

122 2193 150 2251 in
173 2192 322 2269 segetibus
343 2192 470 2252 nascitur
498 2201 683 2267 contonam,
709 2191 848 2271 plantago
871 2211 909 2252 ex
928 2209 1003 2270 aqua
1026 2192 1117 2252 mulsa

122 2274 232 2335 duabus
247 2273 327 2335 horis
342 2283 408 2336 ante
423 2277 610 2335 accessiones
627 2283 696 2354 pota
718 2274 792 2335 binis
808 2275 951 2336 drachmis
965 2276 1014 2336 vel
1030 2294 1118 2336 sucus

121 2359 227 2420 radicis
241 2358 421 2420 madefactae
436 2357 484 2418 vel
505 2367 624 2434 tunsae,
645 2359 694 2418 vel
717 2360 781 2438 ipsa
805 2359 889 2420 radix
909 2361 976 2420 trita
999 2360 1155 2439 inaquam

121 2442 201 2503 ierro
216 2443 349 2504 caliacta.
378 2441 492 2521 quidam
507 2452 605 2504 ternas
621 2442 737 2503 radices
750 2443 778 2502 in
792 2443 882 2503 tribus
899 2443 1010 2518 cyathis
1023 2460 1118 2521 aquae

80 2527 260 2592 116dedere.
300 2527 401 2588 eadem
417 2528 445 2586 in
460 2527 605 2606 quartanis
627 2535 765 2605 quaterna
786 2527 929 2587 iecerunt.
970 2526 1118 2604 buglosso

121 2612 321 2688 inarescente,
350 2612 457 2690 siquis
480 2611 633 2672 medullam
655 2628 672 2669 e
696 2608 779 2670 caule
801 2610 906 2670 eximat
928 2608 1063 2688 dicatque
1081 2609 1119 2670 ad

123 2712 207 2772 quem
230 2694 407 2755 liberandum
429 2694 504 2755 iebri
525 2694 554 2754 id
576 2695 665 2754 iaciat
685 2702 715 2753 et
734 2692 844 2772 adliget
866 2695 893 2753 ei
915 2703 1028 2773 septem
1046 2691 1118 2753 folia

122 2786 187 2836 aute
204 2780 422 2851 accessionem,
436 2779 513 2837 aiunt
532 2776 607 2837 iebri
622 2777 755 2851 liberari,
777 2778 845 2837 item
860 2776 1034 2837 Vettoniaae
1053 2776 1157 2838 dra-to

122 2860 232 2919 ahmam
246 2862 275 2918 in
290 2878 382 2939 aquae
396 2860 507 2920 mulsae
518 2859 631 2934 cyathis
644 2858 735 2919 tribus
751 2860 799 2920 vel
814 2863 974 2939 agaricum,
985 2877 1118 2920 maxume

123 2943 150 3001 in
164 2942 209 3001 his
224 2941 355 3003 febribus
377 2959 534 3020 quaecum
553 2941 676 3002 horrore
692 2943 816 3004 veniant.
847 2943 1027 3024 quinquefoli
1047 2943 1119 3003 lolia

121 3025 235 3104 qnidam
250 3034 331 3087 tema
347 3026 478 3086 tertianis
492 3024 617 3103 dedere,
634 3035 774 3105 quaterna
789 3030 954 3106 quartanis,
970 3026 1054 3107 plura
1069 3045 1118 3086 ce·

121 3110 209 3183 teris,
230 3107 279 3169 alii
301 3108 431 3170 amnibus
451 3111 503 3169 tris
525 3108 631 3171 obolos
653 3127 717 3170 aum
738 3111 841 3190 pipere
862 3129 901 3170 ex
921 3128 995 3190 aqua
1015 3111 1117 3170 mulsa.

79 3202 130 3259 117
142 3192 305 3253 verbenaca
322 3193 436 3273 quidem
455 3202 485 3253 et
500 3194 687 3255 iumentorum
702 3193 833 3255 lebribns
852 3195 881 3253 in
893 3196 961 3255 vina
975 3194 1117 3271 medetur,
1127 3212 1156 3257 aa

121 3277 175 3337 sed
194 3279 222 3336 in
240 3277 368 3338 tertianis
389 3295 405 3337 a
422 3278 508 3338 tertio
523 3278 661 3355 geniculo
678 3279 785 3355 incisa,
802 3279 948 3357 quartanis
966 3297 982 3339 a
1005 3286 1118 3357 quarto.

121 3358 225 3421 bibitur
242 3369 272 3420 et
286 3378 386 3420 semen
407 3358 541 3441 hyperici
561 3362 710 3441 utriusque
726 3362 755 3421 in
776 3363 921 3441 quartanis
942 3371 972 3421 et
991 3361 1119 3421 horrori·

120 3443 188 3523 bus,
204 3442 377 3505 vettonicae
398 3445 505 3524 farina,
529 3462 603 3524 qnae
626 3447 719 3507 amuis
737 3445 877 3507 horrores
892 3453 1028 3523 coercet,
1051 3445 1120 3504 item

709 3760 715 3801 l
