2400 3840
164 196 223 260 108
497 208 528 257 c.
546 208 642 255 emur
656 207 806 256 saeuum

160 367 291 442 inspersa
307 364 419 442 potioni
434 380 498 421 cum
515 380 663 443 papavere
680 370 757 421 tosto
774 371 803 421 et
827 363 913 438 trito,
935 361 982 420 vel
1005 379 1092 421 sucus
1112 363 1152 422 in·

160 449 240 507 lusus
258 455 306 506 aut
322 456 417 524 potue,
433 446 588 506 Vettonica
602 447 630 504 in
652 446 719 505 vino
742 444 822 503 ierro
846 445 1001 504 calefacto.
1050 445 1153 505 eadem

123 553 155 594 m,
166 554 189 586 ee
202 531 341 591 coeliacis
357 531 386 589 in
400 531 467 588 vino
484 539 600 588 austero
617 529 715 604 datur,
737 528 782 587 his
804 537 833 587 et
847 528 935 587 iberis
949 529 1093 608 inponitur
1114 529 1153 588 uti

116 628 150 680 45
162 616 267 676 dictum
286 623 339 673 est.
374 613 516 672 Tenesmo
533 612 614 671 radix
628 612 808 690 nymphaeae
824 610 976 671 Heracliae
994 630 1011 670 e
1028 613 1095 671 vino
1112 610 1152 671 bi·

159 699 244 774 bitur,
263 697 397 776 psyllium
412 698 440 754 in
455 712 546 773 aqua,
566 696 646 754 acori
662 695 767 755 radicis
782 694 944 754 decoctum.
974 695 1050 755 aizoi
1066 712 1178 761 sucoso

159 783 255 844 alvom
274 781 348 839 sistit
363 788 392 837 et
408 779 580 876 dysinterias
598 787 627 837 et
646 779 756 837 taenias
779 777 916 837 rotundas
939 778 1031 856 pellit
1079 796 1152 853 sym·

160 866 250 947 phyti
260 863 342 922 radix
363 871 431 939 pota
455 863 484 921 in
508 863 574 920 vino
598 862 693 920 alvom
714 870 743 920 et
765 860 949 959 dysinteriam
974 863 1064 936 sistit,
1086 863 1154 920 item

158 949 250 1008 dauci.
294 947 405 1005 aizoum
427 945 506 1005 icliis
532 945 661 1004 contritis
684 962 723 1003 ex
745 946 811 1003 vino
839 944 1007 1003 torminibus
1032 946 1152 1020 resistit,

158 1030 278 1090 alcimae
294 1030 389 1087 siccae
404 1030 497 1088 iariua
514 1027 682 1086 torminibus
699 1032 768 1102 pota
786 1042 848 1084 cum
864 1025 940 1082 vino.

115 1123 150 1178 46
223 1111 306 1190 (ab)
331 1111 503 1188 Astragalus
517 1110 587 1170 iolia
603 1110 690 1170 habet
705 1111 815 1187 longa
806 1112 938 1169 incisuris
952 1110 1062 1188 multis,
1080 1110 1153 1170 obli·
1164 1129 1184 1169 rc

158 1215 214 1275 qua
233 1197 310 1255 circa
330 1194 475 1272 radicem,
499 1194 590 1258 caulis
610 1196 662 1253 tris
678 1203 725 1253 aut
743 1203 876 1271 quattuor
890 1192 1023 1253 loliorum
1037 1195 1153 1272 plenos,

160 1279 262 1340 dorem
278 1277 434 1353 hyacinthi,
457 1277 571 1338 radices
588 1276 722 1352 villosas,
740 1277 908 1354 implicatas,
930 1272 1050 1354 tidros,
1069 1297 1153 1357 prae-

158 1364 254 1424 duras
284 1364 433 1421 nascitur
425 1381 453 1421 m
468 1363 610 1440 petrosis,
630 1362 735 1438 apricis
750 1369 779 1420 et
795 1358 895 1419 iisdem
910 1361 1063 1437 nivalibus,
1081 1363 1155 1422 sicut

158 1447 275 1507 Pheneo
291 1446 446 1506 Arcadiae.
483 1446 526 1504 vis
547 1444 632 1504 eiad
653 1443 805 1522 spissanda
826 1461 961 1542 corpora
1000 1445 1095 1504 alvom
1117 1446 1154 1504 si-

158 1532 207 1591 stit
221 1530 328 1590 radin
320 1548 349 1589 rn
365 1531 431 1588 vino
448 1539 533 1606 pota,
554 1545 612 1605 quo
630 1528 661 1586 lit
676 1537 705 1585 ut
726 1537 840 1587 moveat
854 1530 962 1588 urinam
977 1545 1153 1606 repercusso
1164 1547 1185 1586 rs

157 1615 284 1690 liquore,
301 1615 376 1670 sicut
392 1611 531 1690 pleraque
549 1628 623 1687 quae
638 1611 732 1670 alvom
753 1611 865 1670 sistunt.
908 1621 988 1671 sanat
1009 1620 1038 1670 et
1057 1611 1155 1687 dysin-

159 1697 269 1755 tericos
282 1697 311 1753 in
325 1695 393 1752 vino
409 1693 497 1754 rubro
512 1702 610 1766 tunsa,
632 1692 750 1752 diiiicile
771 1703 866 1753 autem
881 1693 1014 1754 tonditur.
1052 1697 1155 1755 eadem

157 1779 339 1854 gingivarum
358 1776 557 1854 suppurationi
571 1775 721 1834 utilissima
737 1786 783 1836 est
802 1777 873 1836 ictu.
914 1778 1061 1854 colligitur
1077 1781 1154 1838 exitu

157 1862 293 1935 autumni,
310 1878 373 1919 cum
391 1859 460 1919 lolia
478 1860 581 1936 amisit,
596 1860 721 1919 siccatur
739 1860 891 1920 inumbra.

115 1953 158 2007 471
222 1943 307 2022 (30.)
329 1943 367 2003 Et
383 1943 486 2004 ladano
504 1944 612 2003 sistitur
626 1943 708 2003 alvos
727 1953 865 2021 utroque,
892 1945 970 2023 quod
992 1947 1019 2004 in
1045 1946 1185 2021 segeti-ac

158 2027 212 2088 bus
227 2029 370 2103 nascitur,
395 2036 536 2087 contunso
556 2036 585 2085 et
606 2026 741 2086 cribrato.
771 2026 877 2086 bibitur
900 2046 937 2086 ex
957 2046 1030 2107 aqua
1051 2029 1154 2103 mulsa,

157 2116 226 2172 item
246 2111 337 2170 nobili
359 2130 376 2169 e
403 2112 480 2169 vino.
523 2109 611 2169 ledon
632 2110 795 2186 appellatur
815 2109 905 2170 herba
931 2129 969 2171 ex
991 2130 1046 2191 qua
1070 2113 1101 2171 lit
1126 2114 1155 2171 in

158 2194 257 2272 Cypro
278 2193 376 2253 barbis
402 2210 552 2271 caprarum
574 2192 797 2252 adhaerescens.
843 2194 966 2254 nobilius
986 2198 1014 2254 in
1034 2195 1153 2255 Arabia.

158 2279 260 2337 titiam
279 2279 350 2335 etin
365 2278 449 2351 Syria
466 2285 553 2353 atque
570 2276 682 2351 Africa,
701 2276 778 2353 quod
790 2279 915 2336 toxicum
931 2288 1046 2339 vocant.
1089 2297 1153 2339 uer·

157 2378 211 2419 uos
237 2361 312 2418 euim
335 2361 363 2418 in
384 2377 454 2418 arcu
479 2360 672 2419 circumdatos
694 2357 767 2418 lanis
787 2361 901 2421 trahunt
922 2363 1185 2422 adhaerescenteas

114 2443 209 2528 ⁴⁸¹²iu
195 2443 219 2476 ⁷⁸
232 2441 348 2503 roscida
359 2441 503 2520 lanugine.
521 2442 603 2522 plura
616 2441 653 2501 de
661 2441 844 2502 eodrxrmus
836 2452 909 2504 mter
920 2454 1075 2520 unguenta.
1098 2446 1155 2506 hcc

157 2493 358 2604 gravissimum
374 2524 465 2587 odore
484 2536 528 2586 est
545 2527 782 2605 durissimumque
795 2536 882 2588 tactu.
909 2529 1067 2607 plurumum
1080 2531 1154 2588 enim

156 2621 252 2671 terrae
284 2610 412 2688 colligit,
440 2630 503 2670 cunr
531 2610 671 2689 probetur
692 2628 823 2670 maxume
847 2629 962 2690 purum,
992 2614 1154 2688 odoratum,

156 2695 256 2771 molle,
272 2695 372 2771 viride,
388 2696 561 2754 resinosum.
590 2703 688 2753 natura
704 2712 731 2752 er
725 2693 909 2770 molliendi,
926 2695 1068 2771 siccandi,
1086 2714 1154 2755 con·

158 2778 317 2854 coquendi,
346 2795 476 2836 somnum
503 2776 665 2839 adliciendi.
714 2777 847 2855 capillum
872 2778 1006 2841 fluentem
1035 2778 1186 2840 cohibettt

156 2861 357 2937 nigritiamque
373 2859 512 2935 custodit,
534 2857 651 2919 auribus
669 2876 733 2918 cum
747 2859 939 2935 hydromelite
959 2871 1005 2921 aut
1027 2879 1153 2923 rosaceo

155 2941 320 3016 infunditur,
338 2941 464 3001 iuriures
481 2943 554 3001 cutis
570 2951 598 3001 et
611 2943 752 3002 manantia
763 2944 863 3005 ulcera
878 2946 940 3005 sale
952 2944 1049 3006 addito
1060 2955 1153 3020 sanat,

156 3025 256 3084 tussim
267 3033 398 3084 veterem
413 3042 476 3083 cum
490 3035 605 3099 styrace
620 3035 772 3104 sumptum,
784 3028 986 3088 efficassimom
997 3028 1033 3088 ad
1044 3039 1153 3089 ructus.

114 3119 148 3173 49
224 3106 308 3186 (31.)
329 3107 436 3167 Alrom
460 3111 536 3167 sistit
557 3117 586 3168 et
611 3107 746 3169 chondris
773 3113 837 3170 sive
858 3112 1152 3190 pseudodictamnum.

156 3191 348 3270 hypocisthis,
365 3190 543 3252 orobethron
554 3191 722 3271 quibusdam
737 3194 825 3272 dicta,
842 3196 1053 3273 malogranato
1067 3198 1186 3259 mma-os

131 3295 162 3336 ss,
175 3295 196 3330 u
210 3285 273 3335 turo
286 3275 396 3351 similis,
412 3276 549 3353 nascitur,
566 3285 596 3334 ut
607 3275 739 3353 diximus,
757 3277 810 3337 sub
827 3277 930 3355 cistho,
946 3279 1021 3338 unde
1037 3297 1152 3340 nomeu.

155 3360 229 3419 haec
251 3360 379 3420 arelacta
398 3360 427 3418 in
448 3359 546 3419 umbra
569 3361 644 3419 sistit
667 3361 761 3421 alvom
782 3379 819 3420 ex
840 3363 907 3421 vino
928 3364 1012 3439 nigro
1037 3372 1153 3424 austero

156 3453 287 3522 utraque.
331 3442 386 3503 duc
408 3445 481 3503 enim
496 3461 604 3521 genera
620 3444 699 3520 eius,
723 3443 843 3504 candida
867 3455 895 3506 et
918 3447 991 3507 ruia.
1035 3464 1104 3507 usus
1125 3450 1152 3506 in
