2400 3840
160 185 220 247 tto
491 196 525 244 c
539 194 804 243 ιιιιιιιιιιιι
906 264 911 269 .

112 362 147 418 77
211 348 665 431 (runcones-timeor
688 347 802 407 modus
848 347 905 407 ian
929 346 1156 447 prb-&igi

155 436 311 514 grandines
325 435 513 512 turbinesque
529 441 632 492 contra
644 431 782 508 fulguru
772 449 837 508 ipsa
850 449 951 489 meuse
964 429 1086 490 nudato.
1110 433 1155 492 sic

156 520 249 580 auerti
270 519 435 579 violentiam
458 517 551 591 caeli,
577 518 605 574 iu
634 514 799 591 navigando
825 514 941 592 quitc·
960 522 1155 592 tempestates

156 606 241 663 etiam
262 605 324 662 sine
346 604 511 661 menstruis.
541 618 580 659 ex
598 602 672 677 ipsis
692 615 765 657 vero
785 598 944 673 mensibus,
965 599 1155 658 mousfficb

131 687 186 727 '³⁸
136 687 288 773 malias,
310 690 350 746 uti
364 703 418 744 suo
434 686 503 745 loco
519 683 723 756 iudicavimus,
744 682 807 741 dira
822 691 853 740 et
866 681 982 740 infanda
994 682 1176 743 vaticinam

157 782 213 844 tur,
230 733 365 866 eqbibps
378 768 489 828 dixisse
501 785 560 826 ιιι
574 766 693 844 pudeat,
707 768 732 824 si
747 768 778 824 in
793 765 928 824 delectus
942 765 1028 824 lusae
1041 764 1155 825 solisve

158 863 300 930 congruat
314 856 360 912 vis
375 852 439 927 illa,
459 849 705 911 inremediabilem
718 851 798 924 beri,
817 866 876 908 nou
892 849 1012 924 segnius
1027 857 1060 908 et
1074 849 1106 907 in
1117 850 1154 907 si·

158 939 236 998 lente
252 937 332 1011 luna,
349 936 501 1012 coitusque
515 943 574 992 tum
594 933 721 993 maribus
735 933 861 992 exitialis
875 950 944 990 esse
958 941 1047 1009 atque
1062 933 1155 1010 pesti·

114 1032 152 1088 78
162 1022 253 1080 leros.
277 1035 431 1096 purpuram
447 1036 564 1096 quoque
576 1035 614 1077 eo
630 1026 764 1095 tempore
778 1016 815 1075 ab
828 1016 874 1075 bis
885 1015 985 1092 pollui,
999 1023 1081 1074 tanto
1097 1017 1155 1074 riu

158 1120 226 1163 esse
240 1103 388 1160 maiorem.
425 1119 608 1181 quocumque
623 1110 717 1160 autem
736 1099 794 1159 alio
814 1108 960 1158 ιιιιιιιιο
981 1100 1007 1157 si
1029 1098 1154 1159 nudatae
1162 1118 1185 1168 ιι

159 1195 292 1262 segetem
312 1185 452 1261 ambiant,
480 1203 585 1245 macas
605 1203 641 1244 ac
664 1183 839 1244 vermiculos
858 1181 1096 1261 scarabaeosque
1120 1199 1155 1243 ao

158 1270 245 1330 noxia
257 1269 313 1330 alia
329 1270 476 1330 decidere.
506 1269 693 1330 lletrodorus
708 1269 848 1345 Scepsius
864 1268 895 1324 in
906 1265 1098 1344 Cappadocia
1112 1268 1155 1325 iu-

158 1362 274 1414 ventam
295 1353 392 1432 prodit
412 1354 451 1414 ob
471 1353 679 1413 multitudinem
701 1349 919 1425 cantharidum,
946 1351 990 1408 ire
1006 1367 1082 1426 ergo
1099 1366 1155 1428 per

157 1437 251 1498 media
274 1456 344 1498 arra
358 1439 476 1499 reiectis
491 1455 581 1515 super
601 1436 696 1496 clunis
716 1434 857 1494 vestibus.
884 1432 955 1492 alibi
970 1442 1105 1493 servatm
1126 1440 1155 1492 ut

157 1522 241 1581 nudis
263 1521 386 1600 pedibus
408 1531 474 1581 eant
499 1521 606 1598 capillo
633 1522 787 1597 cinctuque
808 1517 958 1578 dissoluto.
990 1517 1185 1577 cavendumtt

159 1623 196 1663 oe
212 1605 240 1664 id
257 1607 369 1663 oriente
384 1605 449 1664 sole
463 1604 585 1679 iaciant,
600 1604 750 1663 sementim
766 1603 841 1661 enim
854 1618 1003 1676 arescere,
1018 1602 1089 1659 item
1101 1616 1154 1659 no·

159 1687 253 1746 ιιΙΙιι
267 1688 335 1745 vitis
349 1688 411 1745 eius
425 1696 504 1746 tactu
516 1688 544 1744 iu
559 1695 732 1764 perpetuum
745 1686 833 1760 laedi,
846 1695 905 1744 tum
918 1693 1010 1744 rutam
1020 1693 1052 1742 et
1064 1682 1154 1743 bede·

158 1788 220 1830 ram
234 1787 282 1828 res
295 1768 532 1829 medicatissimas
546 1770 612 1828 ilico
626 1772 710 1827 mori.
727 1769 817 1829 llulta
830 1768 952 1828 diximm
965 1767 1003 1827 de
1017 1766 1075 1826 bac
1088 1769 1154 1826 vio·

115 1863 151 1919 79
161 1854 261 1928 lentie,
275 1852 328 1912 sed
347 1861 464 1930 praeter
477 1853 527 1911 illa
545 1861 655 1911 certum
670 1863 716 1912 est
729 1854 792 1930 apis
806 1854 892 1911 tactis
905 1851 1023 1911 alvariis
1036 1850 1153 1926 lugere,

160 1938 234 2013 lina,
246 1949 315 1997 ‘cum
331 1946 506 2016 coquantur,
523 1938 709 2014 nigrescere,
731 1938 824 1995 aciem
843 1937 871 1994 in
891 1934 990 1995 cultris
1005 1943 1187 2003 tonsorumsa

160 2020 302 2097 hebetari,
318 2039 369 2081 aes
384 2029 520 2081 contactu
531 2039 624 2097 grave
643 2022 723 2080 virus
745 2020 845 2080 odoris
862 2019 999 2096 accipere
1019 2026 1050 2076 et
1070 2035 1154 2077 aeru-

159 2106 267 2182 ginem,
285 2106 378 2182 magis
393 2124 416 2163 ιι
410 2105 640 2164 descrescente
655 2104 722 2164 luna
740 2103 768 2162 id
783 2102 911 2176 accidat,
928 2119 1036 2179 equas,
1054 2101 1081 2159 si
1097 2101 1156 2160 sint

159 2186 308 2285 gravidae,
320 2187 552 2247 tactasabortum
564 2189 632 2265 pati,
648 2189 753 2264 quiret
764 2186 904 2264 adspectu
916 2185 1043 2271 omnino,
1057 2201 1155 2262 quam·

159 2271 205 2328 vis
220 2269 323 2367 procul
339 2271 433 2346 visas,
448 2272 473 2329 si
490 2271 622 2349 purgatio
642 2271 692 2330 illa
708 2280 776 2349 post
794 2272 987 2347 virginitatem
1009 2269 1100 2346 prima
1117 2267 1157 2326 sit

115 2360 153 2417 80
162 2362 210 2412 aut
226 2354 254 2410 io
268 2355 380 2430 virgine
397 2355 501 2413 aetatis
512 2363 627 2452 sponte.
648 2372 712 2413 nam
725 2354 874 2413 bitumen
865 2373 894 2412 ιι
908 2352 1014 2412 ludaea
1029 2367 1189 2412 nascensas

51 2498 57 2514 ‚
135 2436 272 2497 rosula
291 2435 346 2496 bac
365 2437 394 2495 ιῑ
415 2439 546 2516 superari
569 2437 619 2497 lilo
637 2440 728 2498 vestis
750 2447 901 2497 contactae
923 2436 1083 2497 docuimus.
1117 2452 1157 2494 ne

159 2521 219 2597 igni
235 2520 349 2599 quidem
365 2523 487 2581 vincitur
500 2539 558 2600 quo
573 2532 693 2597 cuncta,
715 2523 848 2599 cinisque
865 2522 951 2580 etiam
967 2519 1032 2595 ille,
1049 2519 1074 2577 si
1091 2518 1156 2596 quis

159 2604 317 2683 adspergat
329 2605 459 2666 lavandis
470 2606 611 2682 vestibus,
626 2624 767 2684 purpuras
778 2614 876 2680 mutat,
892 2604 993 2664 florem
1005 2601 1156 2661 coloribus

160 2687 266 2748 adimit.
289 2707 327 2749 nc
344 2691 415 2767 ipsis
430 2689 544 2768 quidem
560 2689 672 2748 leminis
689 2689 765 2748 malo
782 2706 835 2748 suo
849 2691 925 2748 inter
945 2704 979 2745 se
993 2685 1157 2744 inmunibus

160 2768 278 2829 abortus
293 2771 363 2831 iacit
383 2772 479 2847 inlitu,
502 2781 550 2831 aut
572 2774 597 2831 si
612 2774 726 2831 omnino
741 2789 886 2849 praegnas
907 2769 1189 2847 supergradiamur

116 2858 151 2914 81
164 2869 240 2930 quae
257 2851 322 2912 Lais
340 2863 369 2912 et
383 2853 554 2932 Elephantis
573 2857 649 2914 inter
666 2873 700 2914 se
717 2857 861 2915 contraria
876 2853 1033 2933 prodidere
1048 2852 1086 2912 de
1106 2851 1156 2912 ab·

161 2936 272 3011 ortivis,
289 2934 416 2994 carbone
435 2955 452 2995 e
467 2936 565 2996 radice
581 2936 730 2996 brassicae
743 2937 791 2996 vel
805 2941 888 3012 myrti
903 2937 952 2998 vel
965 2937 1112 2996 tamaricis
1126 2936 1158 2994 iu

161 3034 197 3077 eo
213 3019 354 3094 sauguine
369 3021 528 3094 exstincto,
552 3023 678 3098 itemque
702 3023 796 3081 asinas
818 3030 861 3082 tot
882 3022 963 3082 anuis
983 3037 1042 3079 non
1058 3019 1156 3079 conci·

161 3118 234 3181 pere
249 3110 320 3180 quot
340 3119 431 3178 grana
453 3102 555 3161 bordei
572 3112 702 3163 contacta
724 3104 847 3181 ederint,
866 3121 997 3184 quaeque
1014 3103 1070 3163 alia
1085 3120 1156 3161 nun·

161 3203 310 3265 cupavere
331 3186 508 3245 monstrifica
527 3194 575 3245 aut
597 3188 672 3246 inter
692 3190 771 3266 ipsas
791 3189 963 3267 pugnantia,
994 3204 1058 3246 cum
1080 3185 1192 3248 baccas

159 3268 366 3330 fecunditatem
383 3269 446 3328 lieri
460 3268 563 3328 iisdem
583 3269 675 3330 modis
692 3271 794 3351 quibus
810 3272 989 3331 sterilitatem
1006 3269 1055 3329 illa
1070 3286 1157 3345 prae·

116 3359 152 3416 82
163 3353 314 3431 nuntiaret,
333 3353 435 3413 melius
451 3361 496 3412 est
508 3371 566 3412 non
580 3353 712 3414 credere.
741 3355 840 3414 Bitbus
856 3355 1051 3415 Durrachinus
1065 3351 1157 3414 helie

159 3442 219 3495 tata
234 3436 374 3515 adspectu
395 3436 516 3516 specula
535 3438 669 3517 recipere
683 3440 805 3498 nitorem
828 3439 914 3498 tradit
930 3437 1031 3497 iisdem
1051 3453 1160 3499 aversa

86 3524 235 3608 A
