2400 3840
146 195 207 256 112
492 214 523 262 c.
545 214 641 260 unum
660 212 811 261 snounnr

149 378 334 446 turgescente
351 371 536 446 siccataeque
549 368 577 425 in
593 364 808 431 umhradiebus
829 382 935 425 novem
953 367 983 426 in
1003 365 1068 426 sole
1083 367 1145 428 ina·

150 461 277 512 rescunt.
308 452 418 512 fructos
434 468 492 511 non
507 452 617 530 pariter
630 453 811 528 maturescit,
833 448 887 508 sed
908 466 976 529 pars
995 465 1072 509 anno
1097 467 1144 510 se·

106 545 269 615 (tumente,
288 545 318 595 et
333 554 390 594 nux
406 543 534 594 vocatur.
566 533 631 592 iude
649 549 811 610 cognomen
825 533 930 594 Graeci
946 532 1064 592 dedere.
1093 531 1145 593 de·

147 622 262 679 metitur
278 637 342 679 com
355 619 491 678 messium
511 619 671 678 maturitate
691 617 872 696 lavatumque
893 615 997 675 deinde
1016 617 1145 675 siccatur

149 712 177 762 et
199 702 280 763 datur
295 720 358 761 cum
373 703 528 780 papaveris
543 701 616 776 nigri
632 699 741 760 duabus
760 699 889 780 partibus
904 700 942 758 ita
957 707 987 758 nt
1004 699 1041 758 sit
1053 707 1167 759 totums

148 785 292 846 acetabuli
306 784 418 860 modos,
437 786 528 844 minus
541 783 588 843 hie
603 783 806 844 vomitionibus
821 800 906 862 quam
921 782 1071 860 superior,
1095 799 1144 842 ce·

148 872 204 929 teri
229 870 306 928 item.
349 867 435 946 aliqui
458 869 501 927 sic
527 876 555 926 et
575 866 675 926 lolium
701 869 763 928 eins
784 866 910 941 dedere,
935 883 1039 939 nucur
1069 882 1144 925 vero

148 955 241 1029 ipsam
260 953 288 1011 in
305 951 397 1010 mulso
411 959 459 1011 aut
472 967 560 1029 passo
581 950 629 1008 vel
645 969 707 1009 cum
723 952 838 1011 sesima.
874 948 959 1009 trahit
970 950 1099 1027 pituitam
1115 957 1146 1008 et

149 1034 235 1093 bilem
259 1052 311 1112 per
332 1035 435 1095 alvom.
467 1035 526 1094 cris
552 1033 651 1093 ulcera
671 1043 767 1109 sanat,
795 1033 830 1094 ad
848 1050 948 1093 nomas
963 1033 1023 1091 oris
1041 1031 1144 1092 lolium

148 1134 212 1176 cum
225 1116 311 1177 melle
327 1128 415 1177 estur.
1155 1135 1180 1177 tc

106 1213 140 1265 68
215 1201 299 1280 (41.)
321 1200 446 1261 Tertium
466 1219 558 1279 genus
578 1199 716 1276 tithymali
731 1199 870 1278 paralium
886 1207 1008 1258 vocatur
1028 1199 1089 1258 sive
1109 1199 1144 1258 ti-

148 1284 280 1359 thymalis
295 1284 368 1344 lolio
382 1285 516 1361 rotundo,
534 1284 616 1345 caule
632 1284 755 1361 palmum
771 1282 841 1358 alto,
857 1283 943 1342 ramis
964 1280 1143 1358 rubentibus,

148 1369 257 1428 semine
272 1367 355 1443 albo,
380 1369 456 1446 quod
476 1367 623 1446 colligitur
637 1369 792 1446 incipiente
806 1384 862 1426 uva
878 1375 907 1425 et
922 1366 1059 1425 siccatum
1074 1367 1144 1425 teri·

147 1462 193 1512 tur
208 1453 384 1530 sumiturque
399 1451 543 1513 acetabuli
558 1468 691 1511 mensura
708 1449 743 1510 ad
760 1450 958 1528 purgationes.

105 1547 139 1601 69
215 1534 298 1612 (42.)
320 1535 455 1610 Quartum
470 1553 563 1613 genus
576 1534 780 1612 helioscopion
795 1532 960 1611 appellant,
983 1531 1060 1592 loliis
1075 1549 1144 1610 por·
1154 1547 1177 1588 u

149 1618 286 1694 cillacae,
303 1618 419 1677 ramulis
436 1616 577 1678 stantibus
599 1636 615 1677 a
629 1617 727 1677 radice
744 1624 878 1695 quattuor
893 1615 1078 1694 autquinque
1096 1634 1144 1675 ru·

147 1699 298 1775 bentibus,
317 1700 486 1779 semipedali
501 1700 664 1776 altitudine,
681 1701 742 1759 suci
763 1700 866 1778 plenis.
910 1699 966 1758 hoc
989 1699 1068 1759 circa
1090 1715 1144 1777 op·

147 1783 214 1862 pida
234 1784 360 1842 nascitur
381 1785 489 1843 semine
507 1783 574 1844 albo
589 1783 728 1843 columbis
740 1784 913 1860 gratissimo.
940 1798 1045 1841 nomen
1057 1799 1144 1841 aoce-

148 1870 207 1946 pit,
231 1867 363 1945 quoniam
382 1869 476 1945 capita
494 1885 559 1928 cum
579 1868 642 1928 sole
665 1868 844 1944 circumagit.
874 1865 959 1926 trahit
981 1864 1068 1924 bilem
1088 1883 1144 1945 per

147 1951 258 2011 inlema
273 1952 301 2009 in
317 1951 472 2026 oxymelite
487 1950 602 2038 dimidio
617 1949 788 2026 acetabulo,
810 1950 902 2009 ceteri
917 1966 986 2008 usus
1011 1949 1057 2026 qui
1075 1947 1178 2011 cha-so

147 2052 254 2094 ramae.

105 2129 140 2184 70
211 2117 295 2195 (43.)
318 2117 451 2192 Quintum
466 2119 761 2198 cyparissianvocunt
782 2124 903 2195 propter
917 2114 1143 2175 foliorumsimi·

149 2198 311 2275 litudinem,
329 2200 412 2260 caule
426 2203 541 2278 gemino
559 2210 605 2260 ant
624 2201 740 2278 triplici.
770 2199 899 2259 nascenti
923 2201 952 2257 in
973 2198 1142 2277 campestri·

147 2280 201 2339 bus
216 2281 317 2341 eadem
332 2284 376 2342 vis
392 2301 465 2360 quae
481 2283 663 2362 helioscopio
681 2293 729 2343 aut
744 2282 905 2343 characiae.

208 2365 291 2444 (44.)
312 2367 432 2426 Sextum
446 2367 648 2444 platyphyllon
663 2375 783 2442 vocant,
808 2366 855 2425 alii
872 2365 1070 2441 corymbiteu,
1094 2365 1177 2426 aliiae

148 2448 341 2526 amygdaliten
368 2468 382 2509 a
413 2451 607 2511 similitudine.
650 2468 705 2510 nec
734 2449 820 2510 ullius
845 2448 948 2509 latiora
976 2457 1041 2508 suut
1061 2447 1142 2509 folia.

148 2534 237 2611 piscis
252 2543 348 2609 necat,
362 2533 459 2595 alvom
475 2535 562 2594 solvit
578 2536 675 2595 radice
690 2533 738 2594 vel
756 2533 836 2594 foliis
850 2533 898 2591 vel
913 2548 984 2591 suco
1003 2533 1031 2592 in
1047 2531 1141 2592 mulso

147 2625 194 2675 aut
210 2635 284 2695 aqua
299 2617 391 2678 mulsa
407 2618 548 2679 drachmis
566 2628 707 2697 quattuor.
738 2614 860 2677 detrahit
875 2615 1007 2693 privatim
1026 2633 1126 2694 aquas.

104 2708 136 2762 71
212 2700 295 2778 (45.)
318 2701 485 2779 Septumum
506 2701 679 2762 dendroides
703 2700 923 2778 cognominant,
952 2699 1000 2759 alii
1026 2698 1141 2777 cobion,

147 2781 195 2839 alii
212 2782 430 2861 leptophyllon,
446 2787 475 2844 in
490 2785 582 2862 petris
597 2802 736 2860 nascens,
754 2784 980 2843 comosissimum
998 2800 1037 2842 ex
1053 2784 1141 2842 omui·
1151 2803 1176 2846 so

148 2862 212 2937 hus,
227 2867 364 2923 mamonis
382 2867 530 2927 cauliculis
541 2866 718 2942 rubentibus,
734 2876 763 2926 et
774 2867 883 2927 semine
897 2866 1140 2945 copiosissimum,

147 2945 275 3005 eiusdem
290 2947 412 3008 ellectus
430 2950 510 3009 cuius
524 2948 682 3010 characias.
950 3003 954 3010 .

104 3037 138 3092 tn
214 3029 296 3108 (46.)
317 3029 412 3108 Apios
427 3031 524 3093 ischas
540 3035 601 3092 sive
618 3033 761 3111 raphanos
778 3037 869 3113 agria,
885 3036 986 3094 iuncos
1001 3033 1074 3094 dnos
1089 3035 1141 3093 tris

147 3114 258 3187 spargit
272 3113 300 3171 in
316 3122 394 3173 terra
408 3115 553 3192 rubentis,
578 3115 656 3176 loliis
672 3126 770 3197 rutae,
793 3118 876 3178 radix
893 3135 1000 3199 cepae,
1015 3116 1068 3176 sed
1083 3135 1139 3179 am·

147 3195 234 3272 plior,
251 3213 339 3274 quare
352 3198 465 3276 quidam
475 3198 632 3276 raphanum
646 3200 808 3262 silvestrem
819 3210 935 3262 vocant.
962 3202 1036 3261 intus
1052 3199 1140 3260 hahet
1150 3215 1175 3257 cs

147 3296 294 3339 mammam
309 3281 466 3359 candidam,
482 3291 564 3342 extra
581 3286 706 3345 cortices
728 3287 837 3362 nigros.
866 3287 992 3345 nascitur
1014 3287 1042 3343 in
1057 3301 1139 3344 mon·

104 3369 139 3426 to
149 3364 239 3422 tuosis
254 3366 375 3442 asperis,
392 3365 543 3445 aliquando
556 3376 586 3426 et
597 3368 624 3426 iu
640 3367 783 3429 herbosis.
812 3367 945 3428 eilodltur
956 3386 1027 3428 vere
1042 3376 1139 3428 tunsa·

147 3448 247 3523 quein
268 3446 348 3507 lictili
367 3452 522 3528 mergitur,
544 3449 718 3530 deiectoque
742 3451 819 3529 quod
839 3460 1006 3531 supernatat
1029 3450 1139 3512 relicus
