2400 3840
303 209 382 257 usu.
399 208 491 258 mss.
507 209 603 256 xxvr.
619 207 724 261 s-ro.
739 198 892 277 (ss-64.)
1030 198 1088 259 117

91 364 191 427 radice
203 363 344 424 testiculis
360 362 460 440 simili,
477 365 518 424 ita
529 373 559 424 ut
570 365 661 424 maior
672 365 747 439 sire,
762 371 794 422 ut
811 365 900 443 aliqui
918 364 1030 442 dicunt,
1046 374 1089 425 te·

92 451 177 509 nuior
189 463 315 525 eur-aqua
324 455 392 524 pota
405 448 514 507 excitet
526 447 682 523 libidinem,
696 447 1091 508 minursivemolliorelacte

94 533 213 612 caprino
230 529 367 590 inhibeat.
398 531 512 610 quidam
527 531 600 592 folio
619 531 722 591 scillae
737 549 805 590 esse
819 532 915 592 dicunt
929 532 1041 593 leuiore
1055 551 1091 593 ac

93 618 222 691 minore,
238 614 323 674 caule
337 613 468 693 spinoso.
496 614 611 676 radices
629 624 731 675 sanant
749 616 809 674 oris
828 617 944 693 ulcera,
962 615 1090 677 thoracis

70 701 221 780 spituitas,
236 697 334 759 alvom
349 699 451 758 sistunt
465 717 484 758 e
498 701 565 759 uino
583 709 681 778 potas.
720 697 944 761 Concitatricem
958 701 1016 760 tim
1037 701 1086 762 ha·
1097 709 1135 766 96

93 784 143 844 bet
158 784 295 857 satyrion.
323 781 379 841 duo
399 785 463 843 eius
477 801 603 859 genera:
626 801 683 844 una
702 782 884 860 longioribus
904 784 983 845 loliis
1006 801 1091 863 quam

94 867 190 944 oleae,
211 865 293 926 caule
309 874 445 945 quattuor
461 865 629 943 digitorum,
651 866 724 926 dore
740 884 903 946 purpureo,
924 867 1023 929 radice
1038 886 1089 945 ge·

92 951 167 1010 mina
181 949 217 1010 ad
233 949 354 1010 iormam
370 948 494 1010 hominis
509 951 623 1011 testium
642 951 760 1010 alternis
780 953 862 1011 annis
880 953 1091 1013 intumescente

94 1053 129 1096 ac
143 1033 300 1093 residente.
332 1032 423 1094 altera
439 1035 562 1108 satyrios
575 1033 673 1094 orchis
684 1037 903 1111 cognominatur
917 1044 948 1096 et
957 1036 1092 1096 feminam

58 1136 162 1178 roesss
178 1116 327 1177 creditum.
360 1117 543 1194 distinguitur
563 1117 732 1178 internodiis
748 1127 778 1178 et
796 1121 958 1179 ramosiore
975 1119 1091 1197 frutice,

92 1201 192 1262 radice
206 1201 319 1260 lasciui.
357 1202 485 1261 nascitur
507 1200 572 1261 lere
594 1203 673 1261 iuxta
692 1219 781 1261 mare.
820 1201 894 1263 hacc
911 1212 1038 1263 tumores
1061 1211 1092 1263 et

92 1285 162 1345 uitia
178 1285 299 1364 partium
312 1301 409 1343 earnm
425 1303 488 1343 curu
501 1283 620 1363 polenta
636 1284 716 1344 inlita
733 1283 819 1345 sedat
833 1286 884 1346 uel
895 1304 949 1365 per
965 1304 998 1346 se
1014 1289 1090 1348 trita.

93 1370 253 1447 superioris
267 1367 351 1428 radix
367 1369 394 1427 in
407 1368 485 1428 lactu
501 1369 565 1428 oris
581 1368 732 1430 colonicae
750 1367 818 1428 data
833 1368 942 1429 neruos
960 1368 1090 1446 intendit,

93 1452 194 1512 eadem
206 1469 244 1511 ex
259 1469 333 1531 aqua
344 1453 470 1511 remittit.

59 1559 84 1600 rs
156 1535 240 1614 (63.)
263 1534 367 1595 Graeci
383 1537 511 1610 satyrion
521 1536 600 1596 foliis
611 1536 653 1598 lili
663 1534 768 1613 rubris,
784 1535 939 1596 minoribus
955 1545 983 1595 et
997 1534 1088 1595 trihus
1098 1544 1133 1602 97
1142 1563 1144 1566 >

94 1638 151 1680 nou
169 1619 292 1698 amplius
307 1637 323 1678 e
341 1628 420 1679 terra
435 1619 605 1680 exeuntibus
619 1618 748 1695 tradunt,
767 1619 850 1679 caule
866 1619 939 1696 levi,
962 1616 1089 1695 cubitali,
1136 1688 1138 1692 Α

94 1702 187 1780 nodo,
213 1701 315 1762 radico
333 1704 465 1780 gemina,
494 1705 574 1764 cuius
597 1704 718 1764 inierior
739 1721 808 1781 pars
836 1711 865 1762 et
884 1705 976 1764 maior
1003 1703 1091 1763 maris

94 1789 206 1864 gignat,
223 1788 357 1865 superior
370 1803 405 1847 ac
420 1788 513 1847 minor
524 1788 654 1847 feminas.
682 1795 711 1847 et
725 1786 801 1848 aliud
815 1802 909 1863 genus
922 1787 1011 1861 satyri
1026 1803 1090 1861 ery-

94 1870 226 1930 thraicon
242 1871 400 1948 appellant,
416 1872 526 1931 semine
543 1872 637 1931 viticis
655 1871 775 1946 maiore,
791 1871 865 1945 leui,
881 1871 969 1946 duro,
985 1869 1091 1930 radicis

58 1972 85 2013 so
95 1956 206 2014 cortice
227 1954 291 2014 uuio
314 1956 389 2014 intus
413 1954 508 2015 album
529 1954 653 2037 includi,
683 1970 790 2033 sapore
818 1953 959 2014 subdulce
978 1954 1042 2014 iere
1063 1954 1091 2012 in

93 2037 252 2097 montuosis
268 2038 399 2097 inueniri.
430 2056 577 2116 uenerem,
600 2039 712 2099 etiamsi
727 2037 842 2097 omnino
858 2054 940 2097 mauu
956 2045 1089 2097 teneatur
1099 2047 1135 2102 98

94 2120 186 2197 radix,
200 2120 353 2198 stimulari,
376 2120 449 2182 adeo
474 2123 498 2181 'si
516 2121 630 2182 bibatur
652 2125 680 2182 in
701 2121 770 2180 uiuo
792 2131 926 2197 austero,
951 2120 1091 2181 arietibus

95 2220 210 2283 quoque
226 2212 255 2264 et
268 2204 357 2264 hircis
369 2205 554 2283 segnioribus
566 2208 594 2266 in
609 2215 678 2285 potu
694 2204 766 2283 dari,
784 2213 840 2266 eta
854 2205 993 2265 Sarmatia
1010 2204 1092 2283 equis

95 2287 132 2346 ob
151 2286 299 2348 adsiduum
315 2288 446 2351 laborem
466 2289 643 2368 pigrioribus
663 2291 692 2348 in
710 2289 802 2365 coitu,
818 2287 895 2368 quod
911 2290 1009 2349 vitium
1024 2305 1091 2366 pro·

60 2391 86 2432 as
95 2370 241 2432 sedamum
254 2381 368 2433 uocant.
400 2374 553 2450 restinguit
567 2375 624 2433 uim
638 2374 699 2433 eius
715 2390 790 2450 aqua
802 2372 894 2433 mulsa
913 2382 962 2432 aut
978 2374 1091 2433 lactuca

94 2465 217 2533 sumpta.
245 2457 275 2514 io
294 2464 384 2516 totum
403 2457 518 2535 quidem
540 2455 644 2517 Graeci
651 2501 660 2532 ,
686 2472 750 2515 cum
773 2455 992 2516 concitationem
1014 2454 1134 2520 huneco

93 2537 196 2597 volunt
210 2537 386 2615 significare,
402 2539 530 2613 satyrion
542 2538 699 2616 appellant,
716 2539 760 2597 sic
775 2546 804 2597 ot
819 2541 968 2614 crataegin
980 2553 1090 2613 cogno·

93 2621 236 2680 minantes
258 2629 288 2680 et
309 2620 489 2698 thelygonon
521 2630 550 2680 et
575 2621 817 2696 arrhenogouou,
845 2638 963 2698 quarum
990 2637 1091 2680 semen

93 2704 210 2765 testium
228 2703 321 2763 simile
339 2712 392 2764 est.
420 2703 572 2779 'tithymali
587 2720 705 2784 quoque
718 2720 862 2765 ramorum
876 2703 1028 2764 medullam
1041 2704 1090 2765 ha·

57 2788 199 2854 albentes
214 2787 250 2849 ad
265 2804 402 2848 uenerem
417 2789 571 2868 proniores
586 2789 649 2849 lieri
667 2787 808 2847 dicuntur.
835 2787 1005 2867 prodigiosa
1027 2796 1094 2848 sunt

94 2889 168 2952 quae
191 2874 269 2933 circa
290 2870 349 2933 hoo
372 2871 458 2934 tradit
477 2871 712 2952 Theophrastus,
732 2880 835 2932 auctor
850 2872 959 2951 alioqui
981 2874 1091 2950 gravis,

94 2963 276 3034 septuageno
294 2957 372 3017 coitu
392 2957 512 3018 durasse
534 2957 681 3017 libidinem
705 2965 840 3016 contactu
860 2955 970 3017 herbae
996 2957 1090 3018 ouius-

94 3038 157 3100 dam
173 3040 253 3101 cuius
267 3057 372 3101 nomen
386 3059 538 3120 genusque
553 3060 611 3103 non
628 3041 733 3120 posuit.

158 3122 245 3204 (64.)
265 3123 398 3185 sideritis
420 3123 575 3201 adalligata
590 3125 705 3184 uarices
716 3125 814 3184 minuit
832 3132 861 3183 ot
883 3124 945 3183 sine
964 3123 1068 3183 dolore
1080 3133 1132 3186 100

58 3215 231 3286 aspraestat.
259 3206 413 3285 Podagrae
434 3205 553 3268 morbus
574 3208 668 3268 rarior
692 3207 807 3269 solebat
834 3224 901 3267 esse
925 3223 982 3264 non
1002 3204 1089 3268 modo

94 3298 207 3368 patrum
222 3307 399 3370 avorumque
413 3292 560 3369 memoria,
572 3308 672 3351 rerum
687 3293 772 3352 etiam
786 3299 902 3366 nostra,
918 3289 1089 3367 peregrinus

95 3382 124 3432 et
138 3376 212 3452 ipse.
240 3391 305 3436 nam
322 3376 347 3434 si
362 3373 463 3437 ltaliae
479 3375 582 3434 iuisset
597 3375 767 3453 antiquitus,
783 3372 910 3433 Latinum
928 3389 1031 3430 nomen
1047 3372 1088 3429 in·

94 3458 234 3518 uenisset.
263 3457 431 3520 insanabilis
454 3475 513 3519 nou
528 3467 573 3518 cst
589 3456 772 3534 credendus,
786 3456 903 3536 quippe
919 3456 1112 3531 quoduam&
