2400 3840
129 172 189 233 174
481 178 789 230 armonedum

123 346 247 416 sumpta,
263 338 375 398 etiamsi
389 336 443 396 viri
457 335 609 396 mulierum
629 335 723 394 cuitus
738 333 869 408 oderint,
892 332 960 410 quin
975 333 1065 393 immo
1081 343 1127 394 to·

123 424 178 482 tius
191 421 291 481 domus
305 421 490 482 concordiam
504 419 608 479 eodem
624 417 745 495 genitali
760 427 789 478 et
803 415 924 476 articulo
939 417 1043 496 spinae
1059 436 1127 478 cum

122 504 300 566 adhaerente
321 508 402 565 corio
419 504 581 563 adservatis
601 511 748 578 coustme,
765 501 841 561 bunc
852 500 954 577 spinae
970 500 1127 562 articulum

123 590 184 649 sive
199 588 303 647 nodum
321 588 468 648 Atlantion
484 594 606 661 vocant,
631 594 677 645 est
690 593 784 645 autem
799 585 916 664 primus.
948 584 978 643 iu
992 585 1124 645 comitia·

81 672 210 736 1001ium
228 689 345 750 quoque
357 668 492 730 remediis
508 669 616 729 babent
631 686 705 728 eum.
729 668 814 746 adipe
830 684 957 727 accenso
974 669 1124 746 serpentis
1138 685 1152 726 a

123 755 219 833 iugari
234 756 341 829 dieunt,
358 753 475 814 maxilla
491 753 653 813 conminuta
668 753 697 810 in
719 769 807 811 aneso
830 759 859 810 et
879 751 908 810 in
924 750 992 811 cibo
1008 761 1125 831 sumpta

122 839 261 898 horrores
290 837 402 911 sedari,
427 835 531 896 eodem
558 835 655 896 sullitu
680 834 828 895 mulierum
853 852 969 894 menses
990 836 1123 897 evocari.

123 930 289 999 tantumque
305 929 350 980 est
365 921 498 980 vanitatis
512 927 553 994 ut,
569 919 594 977 si
608 919 644 980 ad
658 918 825 980 bracchium
842 918 986 995 adligetur
1002 936 1019 977 e
1034 937 1124 998 supe·

122 1004 193 1063 riori
207 1003 309 1063 dextra
324 1012 407 1081 parte
419 1004 506 1063 rostri
527 1002 615 1079 dens,
641 1002 822 1062 iaculantium
841 1003 917 1061 ictus
933 1000 1124 1063 deerraturos

122 1094 240 1162 negent.
273 1086 371 1162 palato
393 1087 522 1146 eiusdem
545 1085 674 1146 arefacto
699 1094 729 1145 et
749 1103 813 1144 cum
834 1085 955 1146 alumine
968 1085 1156 1164 Aegyption

124 1169 269 1229 calefacto
296 1188 331 1230 ac
355 1179 400 1230 ter
425 1172 454 1229 iu
480 1187 533 1229 ore
554 1178 715 1248 permutato
736 1168 866 1229 faetores
888 1177 917 1228 et
939 1168 1041 1230 ulcera
1063 1170 1123 1229 oris

123 1253 280 1330 emendari,
295 1271 348 1314 eos
363 1271 436 1314 vcro
451 1254 500 1332 qui
514 1254 640 1330 linguam
656 1253 684 1312 in
699 1251 889 1312 calciamento
907 1251 960 1312 sub
978 1251 1057 1328 pede
1071 1251 1122 1313 ba·
1199 1322 1200 1334 ἶ

81 1349 130 1402 101
147 1338 234 1398 beant
248 1356 307 1398 non
322 1338 423 1398 latrari
437 1356 454 1398 a
472 1336 600 1397 canibus.
636 1337 751 1397 sinistra
766 1344 850 1414 parte
867 1334 982 1396 cerebri
1003 1335 1122 1396 naribus
1199 1347 1200 1397 Τ

123 1421 202 1481 inlitu
218 1421 337 1482 morbos
354 1421 539 1502 perniciosos
552 1421 677 1497 mitigari
693 1421 756 1479 sive
771 1419 914 1480 bominum
928 1419 991 1480 sive
1005 1419 1121 1498 quadri·

123 1505 237 1584 pedurn.
256 1506 359 1565 bontis
376 1507 485 1565 corium
496 1503 735 1564 fascinationibus
749 1503 900 1580 resistere,
916 1503 1042 1563 cervicis
1057 1520 1119 1564 car·
1130 1516 1155 1558 us

122 1590 178 1661 uis,
197 1589 259 1648 sive
276 1588 443 1648 mandantur
457 1589 520 1646 sive
535 1587 683 1648 arefactae
698 1586 842 1662 bibantur,
861 1586 1023 1648 lumborum
1037 1586 1121 1646 dolo·

122 1668 211 1728 ribus.
234 1672 332 1729 nervis
351 1669 471 1730 adoreo
487 1672 630 1747 armisque
646 1670 805 1731 suffiendos
818 1688 972 1731 nervorum
988 1670 1120 1746 dolores,

123 1753 199 1830 pilos
221 1757 308 1813 rostri
324 1753 458 1813 admotos
474 1752 623 1813 mulierum
639 1753 727 1813 labris
743 1755 910 1814 amatorium
929 1771 1013 1831 esse,
1036 1755 1122 1814 iocur
1152 1782 1157 1789 ·

82 1845 134 1900 102
145 1836 174 1893 in
194 1845 264 1913 potu
286 1836 380 1897 datum
401 1835 569 1896 torminibus
589 1845 618 1897 et
636 1836 755 1897 calculis
770 1836 890 1897 mederi.
933 1854 1001 1898 nam
1018 1854 1072 1898 cor
1091 1837 1121 1896 iu

124 1918 190 1980 cibo
207 1929 314 1999 potuve
329 1929 471 2000 sumptum
485 1920 616 1980 omnibus
630 1920 779 1981 doloribus
803 1938 957 2001 corporum
976 1921 1120 1999 auxiliari,
1130 1937 1155 1980 a

123 2003 228 2063 lienem
240 2004 373 2081 lienibus,
387 2015 530 2065 omentum
541 2005 670 2065 ulcerum
681 2004 949 2066 inflammationibus
962 2021 1025 2064 cunr
1040 2004 1121 2079 oleo,

123 2087 263 2148 medullas
284 2088 434 2149 doloribus
457 2091 559 2168 spinae
582 2098 611 2148 et
636 2107 790 2150 nervorum
810 2087 980 2149 lassitudini.
1010 2088 1122 2148 renium

123 2188 231 2230 nervos
247 2179 333 2248 potos
348 2173 377 2230 in
390 2174 456 2230 rino
475 2190 538 2231 cum
553 2180 618 2231 ture
632 2172 836 2231 fecunditatem
852 2173 1007 2232 restituere
1024 2171 1121 2232 adem·

122 2262 200 2330 ptam
216 2254 370 2329 venelicio,
385 2255 502 2315 volvam
517 2272 580 2314 cum
593 2255 660 2314 mali
669 2255 767 2314 Punici
780 2254 872 2315 dulcis
886 2256 995 2315 cortice
1011 2255 1122 2332 inpetu

124 2335 217 2396 datam
234 2336 376 2414 prodesse
391 2337 540 2398 mulierum
554 2339 670 2398 volvae.
701 2340 788 2416 adipe
807 2356 823 2398 a
843 2339 946 2398 lumbis
962 2337 1054 2398 suiliri
1068 2356 1155 2417 pa-ac

81 2420 240 2484 lubricatis
246 2420 402 2481 diiiiculter
409 2431 437 2481 et
450 2423 544 2483 statim
557 2441 672 2502 parere.
689 2422 805 2482 edorso
816 2420 968 2482 medullam
980 2421 1120 2498 adalliga-

123 2513 180 2565 tam
192 2514 293 2566 contra
310 2523 401 2567 vanas
412 2507 529 2585 species
545 2507 692 2585 opitulari,
708 2507 844 2586 spasticis
859 2504 987 2583 genitale
1003 2523 1021 2564 e
1036 2506 1119 2565 mari·

123 2588 177 2649 bus
194 2589 301 2666 suffitu,
313 2592 382 2651 item
396 2590 594 2669 lippientibus,
609 2591 702 2669 ruptis
714 2598 743 2649 et
756 2597 856 2649 contra
869 2588 1119 2664 inflammationes,

123 2683 257 2733 servatos
272 2674 364 2753 pedes
378 2682 466 2750 tactu,
483 2675 588 2734 laevos
604 2673 713 2734 dextris
728 2672 867 2751 partibus,
882 2671 1004 2733 dextros
1016 2671 1118 2732 laevis.

123 2756 266 2814 sinistrum
281 2757 385 2834 pedem
403 2757 580 2836 superlatum
595 2758 762 2837 parturienti
778 2755 897 2816 letalem
913 2773 998 2831 esse,
1014 2754 1153 2818 dextruat

123 2835 213 2897 inlato
232 2839 319 2899 facile
334 2841 411 2899 eniti.
438 2839 631 2900 membranam
641 2857 715 2917 quae
730 2839 770 2899 iel
787 2839 960 2899 continuerit
975 2838 1119 2898 cardiacis

122 2928 221 2998 potam
236 2921 265 2978 in
280 2923 346 2980 vino
365 2921 414 2980 vel
435 2923 464 2980 in
480 2921 546 2982 cibo
568 2932 708 2999 sumptum
728 2940 918 3000 succurrere,
941 2923 1071 2982 vesicam
1091 2923 1119 2981 iu

123 3003 190 3062 vino
208 3011 305 3081 potam
321 3013 423 3064 contra
437 3005 537 3064 urinae
551 3006 793 3065 incontinentiam.
822 3024 896 3084 quae
911 3015 1005 3066 autern
1023 3007 1052 3064 iu
1070 3023 1118 3065 ve·

124 3087 185 3146 sica
201 3088 316 3148 iuventa
335 3088 372 3147 sit
387 3088 484 3164 urina,
498 3087 603 3148 additis
619 3088 686 3149 oleo
705 3107 740 3150 ac
755 3090 875 3150 sesamis
897 3098 926 3150 et
948 3088 1036 3149 melle
1050 3088 1118 3149 bau·

84 3183 134 3235 104
146 3179 218 3231 stam
248 3171 390 3248 prodesse
410 3173 606 3248 aegrimoniae
631 3174 733 3234 veteri.
777 3182 921 3235 costarum
947 3173 1063 3251 primam
1089 3181 1152 3232 etas

124 3264 258 3316 octavam
272 3256 368 3316 suiiitu
382 3256 474 3333 ruptis
489 3255 643 3316 salutarem
664 3275 748 3335 esse,
770 3276 808 3318 ex
829 3259 911 3336 spina
931 3274 1004 3317 vero
1021 3264 1119 3336 partu·

124 3339 262 3401 rientibus
278 3358 361 3416 ossa,
386 3340 554 3417 sanguinem
569 3358 632 3400 curn
647 3341 765 3420 polenta
782 3350 924 3420 sumptum
937 3339 1117 3402 torminibus.

126 3422 230 3483 eodem
251 3427 336 3486 tactis
358 3423 491 3504 postibus
513 3423 686 3504 ubicumque
711 3425 860 3502 llagorum
880 3425 1010 3486 iniestari
1027 3432 1117 3500 artes,
