2400 3840
134 219 153 278 4
489 228 518 276 o.
536 229 632 276 rnrru
648 228 798 278 snounnr

125 383 353 479 &creantibus
374 391 405 442 et
425 383 575 442 mulierum
594 391 769 461 aconceptu
786 383 945 443 defectioni
961 383 1042 444 diluti
1059 395 1131 463 potu

128 475 263 547 prosunt.
295 474 401 526 cortex
424 467 522 526 vitium
544 474 573 525 et
594 466 665 526 lolia
686 466 765 526 arida
787 466 939 526 volnerum
962 469 1131 545 sanguinem

132 555 238 611 sistunt
269 552 420 629 ipsumque
448 549 551 610 volnus
581 549 790 626 conglutinant.
832 550 900 609 vitis
925 549 1007 611 albae
1028 551 1129 612 viridis

133 644 234 695 tunsae
250 651 319 695 suco
338 633 523 711 impetigines
540 632 686 693 tolluntur.
714 634 785 692 cinis
798 642 1008 694 sarmentorum
1017 634 1130 693 vitium·

132 736 200 796 que¹
214 726 244 777 et
266 719 452 776 vinaceorum
474 713 683 793 condylomatis
706 723 736 776 et
755 715 834 776 sedis
849 717 927 776 vitiis
943 715 1076 777 medetur
1092 736 1152 777 exe

131 811 234 877 aceto,
250 803 319 860 item
333 799 436 858 luxatis
457 809 487 859 et
501 800 638 859 ambustis
658 807 687 859 et
703 799 789 860 lienis
807 801 911 859 tumori
927 818 989 860 cum
1005 817 1129 861 rosaceo

132 892 161 944 et
184 891 248 944 ruta
272 890 302 942 et
323 891 416 942 aceto.
450 885 520 942 item
540 884 599 958 igni
621 900 703 942 sacro
726 901 764 942 ex
785 885 853 942 vino
877 885 949 943 citra
970 882 1066 943 oleum
1082 884 1129 944 ad-

103 969 281 1046 5spergitur
297 974 326 1024 et
341 968 536 1042 intertrigini,
553 974 583 1026 et
597 966 673 1044 pilos
690 966 821 1027 absumit.
848 966 914 1026 dant
931 975 961 1026 et
974 966 1130 1027 bibendum

131 1053 260 1110 cinerem
285 1058 494 1109 sarmentorum
520 1048 554 1108 ad
576 1048 661 1108 lienis
684 1049 811 1110 remedia
826 1059 911 1110 aceto
929 1066 1129 1128 consparsum,

131 1137 170 1192 ita
187 1141 219 1193 ut
236 1134 295 1193 bini
311 1132 406 1209 cyathi
424 1135 453 1192 in
468 1132 566 1211 tepida
581 1149 653 1209 aqua
668 1132 804 1192 bibantur
816 1140 903 1210 utque
917 1135 964 1210 qui
977 1132 1087 1193 biberit
1099 1135 1128 1193 in
1139 1145 1163 1190 rt

131 1217 238 1276 lienem
254 1218 356 1276 iaceat.
386 1215 544 1276 claviculae
561 1216 643 1293 ipsae
660 1215 763 1293 quibus
785 1224 890 1294 repunt
902 1218 1078 1276 vitestritae
1091 1235 1130 1276 ex

102 1313 201 1378 enqua
224 1308 312 1379 potae
332 1300 437 1360 sistunt
454 1300 642 1360 vomitionum
664 1300 908 1360 consuetudinem.
942 1301 1014 1359 cinis
1028 1301 1130 1360 vitium

130 1403 193 1444 cum
211 1385 334 1462 axungia
350 1391 454 1444 vetere
471 1391 571 1444 contra
587 1391 716 1443 tumores
734 1383 867 1463 prolicit,
883 1382 993 1442 listulas
1012 1392 1129 1461 purgat,

129 1485 198 1526 mox
214 1476 243 1528 et
263 1474 415 1545 persanat,
431 1485 585 1527 nervorum
601 1466 720 1527 dolores
733 1468 846 1545 frigore
860 1474 943 1527 ortos
954 1468 1130 1526 contractio·

130 1569 258 1628 nesque,
275 1559 429 1610 contunsas
445 1567 517 1609 vero
532 1551 624 1627 partis
640 1567 704 1609 cum
715 1549 801 1627 oleo,
819 1550 912 1609 carnis
927 1551 1162 1610 excrescentiave

130 1635 159 1691 in
182 1634 296 1692 ossibus
319 1650 382 1692 cum
399 1640 483 1692 aceto
500 1640 530 1691 et
548 1635 643 1709 nitro,
666 1634 852 1711 scorpionum
867 1641 897 1693 et
913 1650 1013 1693 canum
1028 1632 1129 1710 plagas

131 1734 194 1775 cum
210 1715 286 1776 oleo.
318 1716 435 1776 corticis
451 1733 554 1793 perse
571 1716 643 1776 cinis
660 1717 818 1776 combustis
835 1716 913 1794 pilos
931 1714 1033 1776 reddit.

101 1811 118 1864 'l
189 1799 249 1878 (l.)
266 1797 449 1875 Omphacium
467 1797 617 1875 qualieret
630 1801 742 1860 ratione
758 1800 923 1878 incipientis
936 1816 1007 1858 uvae
1022 1800 1129 1877 puber·

88 1883 122 1960 13,
140 1891 201 1942 tate
229 1883 258 1941 in
288 1888 498 1958 unguentorum
519 1881 586 1942 loco
611 1881 766 1942 docuimus.
806 1901 884 1945 nunc
902 1883 937 1943 ad
959 1882 1130 1944 medicinam

130 1966 166 2026 de
184 1983 221 2026 eo
237 1966 412 2044 pertinentia
427 1964 624 2026 indicabimus.
660 1965 747 2026 Sanat
763 1985 797 2026 ea
815 1984 888 2045 quae
910 1967 939 2025 in
955 1982 1054 2026 umore
1070 1969 1164 2026 sintae

130 2049 245 2125 ulcera,
270 2057 301 2108 ut
324 2051 401 2124 oris,
420 2048 614 2126 tonsillarum,
630 2050 805 2126 genitalium.
839 2049 988 2109 oculorum
1004 2048 1129 2110 claritati

129 2133 289 2211 plurumum
315 2133 446 2208 confert,
479 2132 633 2193 scabritiae
654 2151 792 2210 genarum
813 2132 1017 2209 ulceribusque
1042 2150 1130 2211 angu-

129 2215 239 2291 lorum,
256 2214 417 2290 nubeculis,
434 2214 580 2276 ulceribus
597 2233 774 2293 quacumque
790 2218 818 2276 in
835 2225 918 2294 parte
936 2216 1129 2293 manantibus,

130 2297 311 2358 cicatricibus
332 2297 481 2374 marcidis,
511 2299 627 2359 ossibus
650 2299 803 2377 purulente
826 2299 948 2360 limosis.
981 2299 1130 2376 mitigatur

129 2381 313 2441 vehementia
335 2381 397 2440 eius
420 2380 508 2441 melle
533 2390 580 2441 aut
599 2399 696 2460 passo.
734 2383 856 2461 prodest
879 2391 908 2442 et
929 2381 1128 2460 dysintericis,
1138 2404 1163 2445 aa

130 2465 299 2541 sangninem
314 2465 550 2540 exscreantlbus,
568 2467 688 2542 anginis.
980 2478 982 2482 ’

100 2564 118 2616 8
187 2549 247 2626 (5.)
264 2547 568 2626 Omphaciocohaeret
580 2549 723 2610 oenanthe
736 2567 818 2628 quam
829 2551 906 2610 vites
921 2549 1075 2611 silvestres
1087 2551 1130 2612 le·

87 2635 122 2710 lg,
137 2641 218 2709 runt,
240 2633 315 2692 dieta
334 2632 418 2692 nobis
433 2633 462 2692 in
481 2635 616 2711 unguenti
636 2635 757 2693 ratione.
780 2632 1015 2694 laudatissimain
1033 2632 1128 2710 Syria,

128 2734 258 2775 maxume
286 2717 362 2775 circa
383 2713 557 2777 Antiochiae
585 2726 615 2776 et
637 2716 798 2777 Laudiceae
822 2717 927 2777 montis
944 2725 980 2777 ‘et
1003 2735 1041 2776 ex
1062 2717 1129 2778 alba

129 2802 198 2858 vite.
214 2799 387 2876 refrigerat,
402 2798 572 2875 adstringit,
586 2799 755 2861 volneribus
770 2802 960 2879 inspergitur,
977 2801 1126 2861 stomacho
1137 2820 1162 2862 au

129 2882 268 2957 inlinitur,
284 2881 363 2943 utilis
379 2882 495 2956 urinae,
510 2883 660 2958 iocineris,
678 2885 780 2961 capitis
796 2883 959 2962 doloribus,
974 2884 1128 2961 dysinteri-

26 3010 40 3023 χ
129 2967 183 3039 cis,
201 2963 350 3040 coeliacis,
366 2963 532 3041 cholericis,
549 2973 650 3025 contra
665 2966 779 3027 fastidia
795 2966 884 3027 obolo
903 2985 940 3026 ex
951 2975 1036 3029 aceto
1048 2976 1126 3046 pota.

129 3049 219 3108 siccat
236 3049 374 3107 manantis
392 3048 494 3125 capitis
511 3051 692 3128 eruptiones,
709 3050 908 3111 efficacissima
924 3051 959 3111 ad
969 3052 1039 3111 vitia
1053 3068 1127 3129 quae

129 3132 229 3191 sintin
244 3130 344 3190 umidis
358 3129 479 3191 -ideo
494 3140 523 3191 et
536 3134 595 3192 oris
609 3133 753 3194 ulceribus
764 3143 845 3194 -et
859 3135 995 3195 verendis
1008 3151 1043 3194 ac
1054 3134 1126 3195 sede

99 3225 115 3278 9
127 3232 191 3275 cum
198 3213 285 3273 melle
300 3222 330 3274 et
343 3231 440 3274 croco.
459 3214 553 3275 alvom
561 3218 649 3296 sistit,
661 3235 798 3296 genarum
814 3218 980 3279 scabritiem
992 3217 1127 3279 emendat
1134 3237 1159 3278 aa

128 3298 334 3375 oculorumque
351 3298 581 3377 lacrimationes,
599 3320 637 3360 ex
649 3303 718 3361 vino
733 3301 872 3362 stomachi
891 3301 1126 3378 dissolutionem,

128 3399 166 3440 ex
188 3399 260 3458 aqua
283 3381 388 3459 frigida
403 3390 473 3459 pota
490 3385 637 3459 sauguinis
654 3386 882 3445 exscreationes.
917 3386 990 3445 einis
1008 3387 1070 3446 eius
1090 3383 1126 3445 ad

128 3464 248 3539 collyria
263 3474 294 3524 et
310 3464 344 3524 ad
360 3465 458 3526 ulcera
476 3467 624 3544 purganda
636 3475 666 3527 et
680 3468 856 3547 paronychia
868 3476 898 3527 ct
909 3471 1045 3547 pterygia
1058 3485 1126 3548 pro·
