2400 3840
141 195 199 257 118
487 202 799 254 cnnmsncunm

137 365 166 422 in
181 361 277 421 multis
295 369 401 441 sponte
415 360 502 421 desiit
517 368 548 420 ct
561 361 591 420 in
603 360 733 441 pluribus
748 377 827 420 cura.
858 356 1009 418 medentur
1021 355 1139 418 radices

139 447 258 526 panacis
283 464 347 506 cum
369 463 426 505 uua
446 462 550 524 passa,
579 463 667 505 sucus
686 444 856 520 hyoscyami
877 460 942 504 cum
968 441 1060 501 iarina
1087 442 1139 503 vel

102 549 133 592 ss.
145 548 291 607 sesemen,
311 529 449 591 scordion
460 548 499 589 ex
515 537 611 603 aceto,
625 528 716 589 iberis
730 530 770 589 uti
782 528 889 588 dictum
903 534 958 601 est,
973 523 1140 587 verbenaca

140 633 203 675 curn
221 616 347 692 axungia
362 615 438 689 trita,
457 612 608 687 cyclamini
625 612 725 688 radix,
748 614 828 673 cuins
850 611 1004 671 decoctum
1027 619 1056 669 ct
1071 628 1140 688 pcr-

96 708 146 763 101
157 699 301 759 nionibus.
346 697 493 778 podagras
517 696 674 774 refrigerat
698 696 780 757 radix
804 715 822 756 e
849 694 965 774 xiphio,
989 711 1091 754 semen
1122 712 1164 757 cs

138 783 257 863 psyllio,
275 783 369 843 cicuta
383 800 448 841 cum
464 780 623 858 lithargyro
642 791 689 841 aut
704 781 845 858 axungia,
867 781 979 840 aizoum
993 779 1023 837 in
1044 780 1139 858 primo

125 868 245 945 'impetn
268 865 418 944 podagrae
445 863 594 942 rubentis,
618 865 676 925 hoc
697 874 744 925 est
765 864 887 924 calidae.
915 861 1042 923 utrilibet
1063 879 1139 923 vero

138 951 274 1010 convenit
290 950 428 1026 erigeron
444 966 509 1009 cum
523 951 664 1026 axungia,
685 949 860 1028 plantaginis
873 947 945 1008 iolia
959 947 1025 1006 trita
1040 945 1139 1007 addito

137 1034 200 1093 sale
216 1033 350 1108 modico,
369 1033 537 1111 argemonia
551 1042 634 1093 tnnsa
649 1052 687 1093 ex
701 1033 799 1093 melle.
830 1031 962 1092 medetur
981 1040 1012 1091 ct
1033 1029 1139 1091 serbe

137 1134 210 1177 naca
227 1117 322 1192 inlita,
346 1126 394 1176 aut
407 1119 432 1176 si
455 1116 547 1197 pedes
562 1118 590 1176 in
605 1135 680 1196 aqna
694 1126 876 1177 macerentur
894 1117 996 1194 inqua
1013 1113 1140 1177 decocto
1150 1133 1175 1176 ro

95 1202 203 1277 roasa,
220 1200 305 1280 (65.)
322 1209 353 1260 et
367 1200 508 1281 lappago,
527 1201 628 1261 similis
646 1200 811 1279 anagallidi,
829 1201 885 1260 nisi
900 1208 980 1259 esset
996 1200 1139 1260 ramosior

136 1303 171 1346 ac
199 1285 330 1365 pluribus
350 1285 430 1346 loliis
451 1303 573 1366 aspera,
600 1303 725 1363 rugosa,
751 1285 911 1365 asperioris
932 1285 1011 1359 suci,
1036 1283 1138 1362 gravis

137 1369 247 1431 odoris.
273 1387 348 1449 quae
363 1370 430 1430 talis
446 1379 492 1430 est
505 1369 637 1446 mollugo
652 1377 784 1430 vocatur.
808 1368 920 1443 similis,
937 1366 991 1427 scd
1005 1368 1139 1447 asperio-

136 1455 216 1515 ribus
230 1454 318 1532 foliis,
336 1471 494 1532 asperugo.
512 1455 674 1534 superioris
688 1463 717 1514 et
731 1471 818 1513 sucus
830 1452 962 1532 pondere
976 1449 1028 1511 ll1
1040 1453 1069 1511 in
1080 1452 1139 1512 viui

136 1538 247 1598 duobus
263 1539 376 1613 cyathis
392 1539 498 1598 cotidie
516 1539 644 1597 sumitur.
1147 1552 1173 1594 ts

92 1634 145 1688 103
202 1621 286 1701 (66.)
310 1621 472 1701 Praecipue
487 1639 560 1681 vero
573 1620 677 1682 liberat
694 1639 730 1681 eo
744 1621 822 1682 malo
833 1620 948 1700 phycos
965 1620 1138 1696 thalassina,

135 1706 163 1764 id
180 1713 225 1763 est
239 1705 323 1764 fucus
339 1705 474 1781 marinus,
489 1704 622 1764 lactucae
639 1705 750 1781 similis,
768 1706 817 1783 qui
832 1704 995 1779 conchyliis
1009 1703 1138 1764 subster-

135 1790 224 1862 nitur,
247 1805 305 1847 non
322 1787 572 1867 podagraemodo
595 1787 647 1848 sed
668 1789 800 1848 omnihus
821 1787 1008 1849 articulorum
1028 1787 1139 1848 morbis

135 1871 277 1951 in'positus
294 1872 461 1950 priusquam
478 1872 588 1932 arebat.
622 1873 676 1931 tria
693 1881 788 1933 autern
809 1891 919 1950 genera
939 1874 1019 1932 eius:
1049 1872 1138 1932 latum

135 1965 166 2017 ot
179 1955 299 2016 alterurn
316 1956 448 2033 longius,
465 1958 671 2035 quadamtenus
686 1956 811 2034 rubens,
834 1958 948 2016 tertium
968 1957 1074 2035 crispis
1091 1956 1174 2016 io-ao

93 2052 144 2106 lot
154 2042 212 2115 liis,
230 2058 287 2118 quo
309 2042 338 2099 in
353 2039 439 2100 Creta
454 2038 545 2101 vestis
560 2042 685 2118 tingunt,
709 2041 803 2101 omnia
819 2040 948 2100 eiusdem
963 2058 1043 2099 usus.
1087 2038 1137 2099 Ni·

135 2125 244 2186 cauder
265 2143 300 2184 ca
320 2134 349 2184 et
363 2125 503 2184 adversus
520 2125 666 2203 serpentis
685 2125 715 2183 in
733 2126 801 2183 vino
821 2124 909 2184 dedit.
941 2123 1068 2184 salutare
1092 2133 1139 2184 cst

91 2225 168 2270 suum
180 2216 209 2266 ct
230 2224 330 2266 semen
355 2209 416 2266 eius
437 2208 547 2268 herbae
567 2226 650 2287 quarn
672 2208 801 2286 psyllion
816 2210 1024 2267 nominavimus
1040 2207 1137 2268 made·

134 2291 240 2350 iactum
255 2308 347 2368 aqna,
366 2291 500 2350 admixtis
515 2292 543 2350 in
557 2291 700 2352 heminam
716 2292 834 2351 seminis
851 2293 967 2351 resinae
985 2289 1137 2370 Colopho·

134 2375 199 2433 niae
212 2373 395 2433 coclearibus
410 2373 531 2450 duobus,
548 2376 694 2435 turisuno.
718 2375 870 2436 laudantur
881 2385 911 2436 et
922 2375 1134 2453 mandragorae
1144 2390 1173 2430 aa·

107 2456 204 2517 *iolia
226 2475 288 2517 curn
305 2457 425 2535 polenta
448 2467 541 2518 tunsa.
588 2459 637 2519 11.
662 2459 741 2520 Talis
763 2477 835 2519 vcro
857 2459 1029 2520 tumentibus
1052 2459 1137 2519 limus

135 2545 283 2620 aquaticus
300 2560 363 2602 curu
379 2543 448 2603 oleo
464 2542 601 2603 subactus
616 2545 688 2604 mire
703 2544 841 2622 prodest,
865 2544 994 2605 articulis
1014 2557 1136 2605 sucuse

135 2629 282 2688 centaurio
303 2628 429 2705 minore,
454 2627 529 2688 idem
551 2630 648 2688 nervis
674 2629 857 2705 utilissimus,
888 2629 956 2689 item
977 2627 1136 2688 centauris.

92 2722 143 2772 105
154 2708 308 2770 Vettonica
320 2714 419 2771 nervis
436 2712 663 2772 discurrentibus
676 2713 883 2791 perscapulas,
897 2713 1012 2790 umeris,
1024 2712 1136 2791 spinac,

104 2809 128 2845 c
137 2791 251 2870 lumbis,
266 2804 376 2872 potant
390 2797 418 2854 in
431 2796 570 2871 iocinere,
586 2795 714 2855 articulis
729 2796 956 2874 quinquefolium
968 2796 1135 2875 inpositum,
1145 2806 1174 2851 aa

135 2876 344 2954 mandragorae
362 2878 433 2938 iolia
448 2897 512 2938 cum
528 2878 647 2957 polenta
668 2878 718 2938 uel
738 2880 820 2940 radix
841 2898 948 2940 recens
969 2888 1053 2940 tunsa
1072 2897 1136 2939 cum

135 2956 289 3019 cucumere
304 2961 433 3023 silvestri
447 2963 496 3022 vel
512 2962 635 3023 decocta
650 2963 678 3024 iu
695 2980 784 3042 aqua,
799 2963 952 3043 digitorum
967 2965 995 3023 in
1010 2963 1136 3043 pedibus

133 3043 213 3101 rimis
229 3044 371 3124 polypodi
386 3047 477 3125 radix,
495 3046 623 3108 articulis
639 3066 726 3107 sncns
740 3047 909 3125 hyoscyami
922 3066 986 3109 cnm
998 3050 1133 3126 axungia,

135 3142 268 3187 amomon
283 3145 354 3187 suco
371 3128 509 3206 decocto,
524 3133 591 3191 item
609 3131 799 3193 centunculus
815 3133 938 3193 decocta
954 3132 1003 3193 vcl
1017 3149 1134 3191 muscus

133 3206 239 3271 seceris
261 3230 298 3271 ex
313 3229 387 3290 aqua
403 3212 548 3290 obligatus
564 3215 658 3276 donec
674 3213 834 3294 inarescat,
857 3217 925 3277 item
938 3217 1046 3296 lappae
1063 3215 1171 3277 boa-ss

91 3304 143 3359 106
154 3297 215 3356 riae
228 3295 312 3356 radix
326 3297 420 3356 evino
433 3305 513 3376 pota.
536 3297 721 3375 cyclaminos
735 3300 857 3362 decocta
872 3303 900 3360 in
913 3319 987 3379 aqua
999 3301 1134 3379 perniun-

136 3380 217 3440 culos
237 3389 318 3441 cnrat
333 3382 485 3461 omniaque
501 3383 557 3443 alia
572 3378 691 3461 frigoris
705 3386 791 3462 vitia,
813 3385 1020 3464 perniunculos
1037 3393 1068 3443 ct
1083 3401 1134 3444 co·

133 3463 252 3538 tyledon
273 3482 336 3524 cum
360 3468 500 3546 axungia,
526 3467 598 3528 lolia
618 3486 656 3528 ex
674 3467 848 3545 batrachio,
876 3469 1013 3547 epithymi
1033 3485 1132 3529 sucus.
