2400 3840
127 200 167 258 70
444 211 473 259 c.
496 213 591 259 entur
612 212 761 261 succum

127 366 196 426 illud
214 363 374 442 nepenthes
394 365 571 426 oblivionem
592 368 727 426 tristitiae
743 367 914 444 veniamque
931 366 1066 426 adferens
1086 374 1116 426 et

127 449 163 509 ab
178 447 289 508 Helena
304 449 402 525 utique
419 450 549 531 omnibns
571 449 739 509 mortalibus
762 450 976 527 propInandum.
1009 451 1116 526 primus

128 541 223 593 autem
250 533 371 591 omniurn
400 549 473 608 quos
490 532 628 592 memoria
651 533 732 591 novit
746 531 879 609 Orpheus
900 532 936 592 de
950 532 1116 593 herbiseu·

128 617 234 674 riosius
252 614 347 691 aliqua
360 614 504 693 prodidit,
529 622 598 693 post
617 615 684 674 'eum
702 612 837 674 Musaeus
860 625 889 674 et
902 614 1047 676 Hesiodus
1065 626 1116 694 po-

87 695 237 774 ²¹;„⁴f·lium
254 696 371 757 herbum
391 699 420 756 in
441 707 574 775 quantum
594 700 688 757 mirati
712 699 769 756 sint
786 698 920 774 diximus,
935 697 1069 776 Orpheus
1086 707 1140 759 ets

87 794 120 847 13
130 780 274 841 Hesiodus
295 780 458 840 suffitiones
478 781 717 842 conmendavere.
753 779 1043 842 llomeruset'ulias
1067 798 1117 840 no·

128 865 253 923 minutim
274 863 380 922 herbas
410 863 556 939 celebrat,
580 882 650 942 quas
673 865 733 923 suis
756 863 829 923 locis
852 864 1054 924 dicemus-ub
1079 882 1116 925 eo

129 948 310 1023 Pythagoras
336 946 430 1006 clarus
451 949 593 1025 sapientia
615 949 721 1025 primus
737 946 871 1007 volumen
890 948 925 1007 de
945 947 1053 1007 ellectu
1070 967 1117 1008 ea÷

128 1049 189 1088 runr
205 1031 374 1107 conposuit,
391 1028 531 1108 Apollini,
548 1030 724 1108 Aesculapio
743 1039 773 1090 et
792 1032 822 1088 in
840 1038 932 1090 toturn
949 1031 992 1091 dis
1012 1033 1116 1090 inmor-

128 1112 234 1172 talibus
252 1114 420 1172 inventione
436 1122 466 1173 et
479 1113 596 1191 'origine
612 1112 773 1190 adsignata,
789 1116 943 1192 conposuit
965 1122 995 1173 et
1012 1113 1117 1172 Demo·
1128 1135 1150 1174 ro

128 1198 233 1270 oritus,
249 1196 332 1256 ambo
351 1198 514 1274 peragratis
529 1195 667 1273 Persidis,
682 1196 827 1270 Arabiae,
848 1196 1041 1274 Aethiopiae,
1059 1196 1116 1256 Ae·

128 1281 209 1357 gypti
224 1278 334 1356 Magis,
354 1279 486 1359 adeoque
504 1280 539 1340 ad
553 1280 625 1340 haec
639 1281 760 1339 attonitu
781 1281 933 1357 antiquitas
949 1282 1003 1339 fuit
1018 1289 1048 1339 ut
1069 1279 1116 1338 ad·

88 1365 287 1426 ltlirmaverit
303 1365 388 1423 etiarn
408 1364 588 1423 incredibilia
609 1362 694 1422 dictu.
722 1361 851 1422 Xanthus
872 1362 1055 1422 historiarum
1069 1381 1116 1422 au·

129 1456 193 1507 otor
208 1449 237 1505 in
249 1449 339 1524 prima
362 1465 459 1507 earum
477 1446 591 1507 tradidit
607 1448 733 1506 occisum
747 1446 880 1507 draconis
893 1447 1016 1507 catulum
1031 1462 1116 1504 revo-

127 1538 220 1591 catum
237 1531 271 1589 ad
286 1533 372 1590 vitam
388 1548 403 1590 a
418 1539 540 1608 parente
554 1529 646 1589 herba
658 1546 740 1606 quarn
752 1528 837 1588 balim
852 1531 988 1605 nominat,
1001 1527 1114 1590 eadem·
1127 1547 1150 1588 ss

129 1631 185 1692 que
212 1612 371 1688 Thylonem
393 1630 477 1691 quern
500 1613 586 1672 draco
612 1611 759 1672 occiderat
779 1614 942 1671 restitutum
963 1611 1056 1671 saluti.
1087 1620 1117 1671 et

129 1698 196 1757 luha
224 1699 253 1754 in
281 1696 388 1756 Arabia
415 1694 506 1756 herba
526 1704 694 1755 revocatum
715 1694 750 1755 ad
765 1697 851 1755 vitam
863 1695 1006 1755 hominem
1021 1695 1115 1754 tradit.

131 1780 203 1839 dixit
216 1778 417 1855 Democritus,
435 1778 558 1838 credidit
578 1775 795 1857 Theophrastus
813 1797 880 1838 esse
903 1777 1021 1838 herbam
1035 1779 1116 1838 curius

89 1886 118 1927 ιο,
131 1883 154 1919 m
173 1871 307 1923 contactu
323 1862 427 1922 inlatae
445 1863 480 1922 ab
497 1863 566 1921 ulite
584 1880 666 1939 quum
690 1860 837 1920 retulimus
856 1860 990 1921 exsiliret
1006 1879 1116 1923 cuneus

65 1970 66 1973 ¹
130 1946 325 2026 upastoribus
342 1947 438 2006 arbori
455 1946 588 2021 adactus,
606 1963 680 2023 quae
697 1947 807 2005 etiamsi
822 1945 878 2006 tide
897 1953 1012 2020 carent,
1032 1945 1151 2005 admi-ac

129 2034 270 2091 rationem
283 2039 377 2091 tamen
389 2029 499 2108 inplent
511 2038 677 2107 coguntque
687 2029 819 2089 conliteri
831 2027 948 2087 multum
959 2047 1027 2088 esse
1038 2027 1116 2104 quod

90 2128 121 2181 15
132 2133 204 2175 vero
217 2117 352 2192 supersit.
389 2113 455 2173 inde
473 2121 504 2172 et
524 2113 682 2191 plerosque
703 2114 742 2172 ita
757 2111 843 2171 video
864 2113 1030 2172 existimare
1045 2110 1116 2170 nihil

130 2194 187 2258 non
205 2197 356 2256 herbarum
375 2199 402 2256 vi
418 2197 493 2255 ellici
509 2214 615 2274 posse,
628 2195 681 2256 sed
695 2194 887 2273 plurumarum
899 2196 969 2253 viris
988 2213 1055 2253 esse
1075 2196 1116 2253 in·

129 2283 277 2357 cognitus,
293 2298 413 2358 quorum
427 2281 456 2338 in
471 2296 589 2338 numero
601 2280 654 2338 luit
669 2277 844 2356 Herophilus
855 2278 948 2337 clarus
964 2277 1114 2351 medicina,

130 2380 219 2442 aquo
234 2364 329 2422 lerunt
344 2363 448 2422 dictum
468 2362 604 2441 quasdam
623 2363 757 2421 fortassis
779 2363 865 2420 etiam
885 2361 1008 2420 calcatas
1031 2360 1150 2439 prod-cs

131 2467 207 2508 esse.
241 2447 425 2508 observatum
446 2454 526 2506 certe
548 2455 594 2505 est
616 2444 781 2506 inflammari
805 2443 926 2505 volnera
944 2462 978 2504 ao
997 2443 1115 2503 morbos

131 2539 309 2610 superventu
328 2549 428 2591 eorum
441 2533 488 2607 qui
505 2530 628 2608 pedibus
643 2530 700 2589 iter
714 2529 910 2588 coniecerunt.
932 2560 934 2565 ·

89 2628 122 2681 16
183 2616 242 2693 (6.)
275 2614 353 2674 llaec
371 2623 433 2674 erut
453 2616 569 2694 antiqua
588 2614 728 2673 medicina
749 2629 822 2690 quae
846 2619 906 2670 tota
927 2609 1068 2686 migrabat
1088 2611 1116 2688 in

131 2699 270 2759 Graeciae
286 2699 414 2776 linguas,
431 2697 483 2756 sed
498 2715 586 2775 qnare
603 2715 660 2756 non
675 2696 772 2773 plures
785 2702 940 2754 noscantur
960 2711 1046 2752 causa
1071 2700 1116 2752 est

131 2782 208 2860 quod
225 2798 274 2840 eus
291 2789 426 2857 agrestes
448 2780 665 2856 litterarumque
688 2779 780 2854 ignari
798 2778 1001 2855 experiuntur,
1022 2783 1053 2834 ut
1067 2777 1115 2852 qui
1126 2797 1150 2837 so

132 2864 186 2924 soli
205 2865 281 2922 inter
300 2862 364 2923 illas
389 2865 503 2937 vivant,
522 2871 677 2939 praeterea
694 2863 835 2921 securitas
856 2859 1014 2938 quaerendi
1030 2858 1116 2919 obvia

131 2947 305 3006 medicorum
322 2946 413 3005 turba.
436 2944 531 3004 multis
547 2947 634 3004 etiarn
645 2945 771 3003 inventis
789 2943 892 3003 desunt
903 2945 1027 3017 nomina,
1043 2943 1117 3019 sicut

91 3048 159 3092 mmo
174 3029 214 3087 illi
232 3046 314 3105 quam
331 3028 479 3088 retulimus
492 3030 520 3087 in
534 3029 647 3104 frugum
664 3044 732 3086 cura
750 3029 911 3103 scimusque
926 3026 1072 3085 defossam
1087 3028 1116 3083 in

132 3111 244 3190 angulis
260 3113 371 3187 segetis
383 3119 533 3189 praestare
546 3132 582 3171 ne
594 3129 649 3188 qua
663 3111 726 3171 ales
737 3113 833 3170 intret.
854 3110 1018 3188 turpissima
1031 3126 1117 3169 cuusa

132 3196 257 3257 raritatis
275 3194 351 3272 quod
366 3197 451 3253 etiarn
466 3197 513 3272 qui
526 3197 618 3255 sciunt
633 3195 831 3254 demonstrare
847 3193 958 3267 nolunt,
976 3201 1117 3271 tamquam
1125 3207 1151 3247 ss

132 3282 205 3358 ipsis
230 3280 387 3358 periturum
408 3280 446 3336 sit
466 3278 542 3357 quod
565 3277 733 3343 tradiderint
754 3277 827 3337 aliis.
853 3276 970 3336 accedit
985 3278 1059 3335 ratio
1076 3277 1117 3350 iyn-

133 3365 277 3424 ventionis
293 3379 417 3439 anceps,
431 3364 538 3440 quippe
554 3364 637 3422 etiam
654 3364 681 3421 in
693 3362 819 3437 repertis
839 3359 909 3420 alias
938 3360 1047 3418 invenit
1072 3377 1117 3417 ca·

91 3457 123 3512 17
136 3465 195 3520 sus,
215 3447 297 3521 alias,
312 3455 342 3504 ut
362 3464 432 3504 vere
446 3445 578 3521 dixerim,
594 3447 673 3505 deus.
692 3442 851 3503 insanabile
865 3442 902 3519 ud
918 3442 1009 3502 hosce
1026 3460 1117 3501 annos
