2400 3840
357 198 665 246 unu.a1sr.xx111.
690 197 714 247 1.
734 185 870 263 (3-11.)
1101 190 1119 248 5

113 355 208 414 hatur.
245 355 338 413 uritur
357 353 387 410 in
412 352 495 411 iurno
517 352 611 413 donec
631 354 713 430 panis
739 360 941 430 percoquatur.
981 351 1119 413 hiassaris

116 436 257 498 odoribus
280 443 387 495 tantum
406 434 552 512 gignitur,
582 437 733 513 omniaque
756 453 790 495 ea
812 435 932 495 aviditas
950 435 1062 495 humani
1078 440 1119 496 in·

113 522 184 598 geni
202 518 368 580 nobilitavit
384 535 489 596 rapere
505 518 678 579 festinando.

178 601 244 682 Gap.
259 604 285 662 1.
303 602 364 682 (6.)
382 598 1114 681 11111101001111111111111010111101010100110100111-
1128 617 1161 667 10

90 709 101 748 0
112 706 198 767 grae,
211 685 279 747 ideo
289 684 483 746 vinnmexhis
495 687 586 745 minus
598 683 760 762 iucundum,
774 688 925 747 suaviores
937 685 1033 762 albae,
1048 703 1118 763 quo-

112 773 189 832 niam
201 788 219 830 e
235 766 375 829 tralucido
388 768 502 827 facilins
515 771 656 847 accipitur
668 785 727 828 aer.
744 778 880 830 recentes
896 768 1073 832 stomachum
1086 778 1116 830 et

113 855 236 934 spiritus
258 852 408 912 inhiatione
430 850 525 911 alvom
541 852 673 925 turbant,
699 854 795 930 itaque
816 854 845 911 in
858 852 935 913 iebri
951 852 1117 913 damnantur

112 940 213 1016 utique
229 937 383 1013 largiores.
413 935 600 1012 gravedinem
617 936 693 995 enim
708 937 794 1013 capiti
809 937 998 1014 morbumque
1011 936 1117 996 lethar-

112 1040 181 1099 gum
204 1020 320 1080 iaciunt.
357 1020 575 1079 innocentiores
599 1036 673 1096 qnae
694 1019 852 1097 decerptae
870 1020 1116 1099 diu'pependerc,

78 1129 103 1168 10
113 1122 170 1183 qua
185 1103 375 1163 ventilatione
394 1104 480 1162 etiam
495 1102 583 1162 utiles
602 1103 671 1163 liunt
686 1103 835 1162 stomacho
851 1107 1025 1182 aegrisque,
1055 1123 1117 1163 nam

113 1197 144 1248 et
159 1187 336 1264 refrigerant
351 1187 458 1246 leviter
473 1193 503 1245 et
519 1186 663 1246 fastidium
678 1186 819 1246 auferunt.

174 1270 235 1349 (7.)
266 1267 347 1341 Quae
360 1271 389 1328 in
404 1271 471 1329 vino
490 1278 537 1329 aut
553 1273 582 1330 in
598 1269 673 1330 dulci
692 1270 825 1330 conditae
840 1270 923 1331 inere
941 1280 1026 1349 eaput
1042 1281 1110 1332 tem·
1124 1287 1156 1339 11

113 1362 203 1433 ptant.
221 1370 380 1432 proxumae
396 1370 412 1413 a
427 1353 589 1432 pensilibus
606 1357 635 1413 in
650 1352 735 1431 palea
751 1361 897 1430 servatae,
912 1372 975 1413 nam
990 1363 1019 1414 et
1037 1358 1115 1416 vina·

113 1441 175 1499 ceis
197 1446 333 1499 servatae
355 1444 384 1496 et
407 1445 491 1514 capnt
514 1445 544 1497 et
566 1438 692 1497 vesicam
715 1444 746 1496 et
768 1435 944 1495 stomachum
965 1438 1114 1517 infestant,

83 1523 224 1585 resistunt
245 1529 339 1581 tamen
362 1520 472 1596 alvom,
499 1523 668 1598 sanguinem
691 1520 912 1581 exscreantibus
932 1520 1114 1600 utilissimae,

114 1623 188 1684 quae
203 1622 277 1666 vero
292 1606 321 1665 in
336 1612 430 1664 musto
443 1605 526 1665 luere
538 1607 671 1684 peiorem
682 1605 739 1663 vim
749 1605 902 1664 etiamnum
912 1603 1020 1664 habent
1032 1624 1115 1684 quam

114 1706 188 1768 quae
203 1691 233 1749 in
248 1690 385 1749 vinaceis.
422 1705 491 1766 sapa
506 1706 621 1767 quoque
638 1687 746 1747 inutilis
764 1688 911 1748 stomacho
927 1689 1003 1748 iacit.
1038 1690 1157 1754 salu-12

113 1774 255 1833 berrimas
283 1780 383 1850 putant
406 1772 508 1832 medici
532 1774 561 1831 in
587 1772 708 1831 caelesti
731 1789 802 1849 aqua
823 1781 971 1850 servatas,
1001 1777 1113 1835 etiamsi

112 1858 237 1916 minume
254 1856 409 1932 iucundas,
431 1855 482 1916 sed
500 1855 680 1934 voluptatem
697 1872 794 1916 earum
808 1857 837 1915 in
852 1857 991 1916 stomachi
1008 1858 1113 1918 ardore

77 1959 103 1997 10
113 1941 216 2000 sentiri
245 1948 274 1999 ct
303 1941 332 1999 in
353 1938 539 1999 amaritudine
561 1942 620 1999 oris
643 1939 779 2017 fellisque
801 1940 1006 2000 vomitionibus
1032 1950 1061 2001 et
1085 1944 1114 2002 in

112 2023 258 2100 choleris,
278 2022 445 2101 hydropicis
472 2040 535 2082 cum
552 2023 657 2082 ardore
680 2023 804 2082 febrium
826 2024 1054 2100 aegrotantibus.
1084 2035 1113 2084 at

112 2109 142 2167 in
163 2106 231 2166 ollis
254 2115 388 2166 servatae
411 2115 441 2166 et
456 2124 489 2166 os
508 2115 537 2166 01
555 2107 730 2166 stomachum
747 2115 777 2165 et
792 2103 958 2166 aviditatem
975 2111 1112 2185 excitant,

112 2190 199 2270 paulo
225 2198 318 2251 tamen
341 2192 494 2269 graviores
517 2193 717 2250 existimantur
736 2189 800 2248 lieri
815 2192 1001 2251 vinaceorum
1014 2192 1111 2252 halitu.

113 2272 196 2334 Uvae
223 2273 324 2334 dorem
349 2276 378 2333 in
402 2274 475 2334 cibis
501 2275 525 2333 si
552 2274 641 2333 cdere
662 2273 831 2351 gallinacei,
858 2292 927 2333 uvas
950 2293 1007 2334 non
1031 2279 1113 2336 attin-

77 2375 101 2415 10
111 2366 191 2434 gunt.

173 2439 234 2526 (8.)
269 2441 418 2501 Sarmenta
436 2458 532 2500 earum
552 2443 582 2500 in
600 2440 702 2518 quibus
721 2443 794 2501 acini
811 2441 895 2501 luere
911 2442 1108 2519 adstringendi
1121 2457 1155 2510 13

112 2526 169 2584 vim
186 2524 311 2601 habent,
332 2525 496 2584 eiiicaciora
515 2543 553 2584 ex
572 2523 645 2583 ollis.

174 2607 236 2687 (a.)
271 2606 374 2668 Nuclei
393 2609 539 2668 acinorum
555 2607 674 2667 eandem
690 2609 748 2665 vim
763 2609 905 2684 optinent.
937 2605 965 2664 hi
981 2617 1047 2667 sunt
1063 2611 1110 2686 qui

111 2695 141 2751 in
156 2693 225 2752 vino
241 2693 328 2769 capiti
345 2691 476 2753 dolorem
493 2692 606 2751 iaciant.
639 2691 708 2750 tosti
726 2692 844 2767 tritique
860 2689 1008 2750 stomacho
1024 2692 1111 2752 utiles

75 2794 101 2834 10
111 2784 185 2837 sunt.
205 2777 383 2853 inspergitur
393 2777 484 2835 farina
497 2792 597 2835 eorum
608 2774 746 2853 polentae
758 2772 844 2834 modo
853 2775 964 2852 potioni
975 2782 1004 2834 et
1017 2776 1112 2852 dysin-

110 2861 212 2919 tericis
233 2868 262 2920 01
278 2859 415 2918 coeliacis
434 2867 464 2919 01
479 2858 622 2918 dissoluto
640 2857 796 2919 stomacho.
824 2856 947 2918 decocto
961 2860 1046 2919 etiarn
1062 2879 1112 2921 00-

110 2962 173 3003 rum
189 2943 292 3003 lovere
309 2961 411 3021 psoras
428 2950 458 3002 et
473 2943 613 3021 pruritum
628 2943 699 3001 utile
716 2949 770 3001 est.

175 3027 257 3106 (10.)
292 3025 412 3086 Vinacei
438 3044 492 3104 per
514 3045 546 3084 se
567 3027 659 3085 minus
683 3027 768 3104 capiti
792 3033 839 3085 aut
858 3027 977 3086 vesicae
1001 3037 1154 3093 1100011114

111 3127 195 3189 quam
216 3110 327 3187 nuclei,
353 3126 532 3170 mammarum
547 3109 759 3169 inflammationi
777 3108 863 3168 utiles
881 3126 944 3167 cum
960 3109 1021 3170 sale
1040 3114 1108 3171 triti.

74 3195 264 3256 aedecoctum
285 3212 385 3255 corum
407 3201 525 3253 veteres
549 3193 742 3270 dysintericos
766 3201 796 3252 et
819 3193 967 3253 coeliacos
984 3196 1061 3252 iuvat
1080 3203 1110 3252 et

111 3279 368 3356 mmmmmm

175 3361 257 3441 (11.)
290 3359 353 3420 Uva
371 3360 514 3438 theriace,
534 3361 569 3420 de
585 3378 640 3438 qua
655 3377 708 3419 suo
727 3359 793 3420 1000
808 3359 947 3435 diximus,
965 3366 1065 3419 contra
1076 3385 1104 3425 11,
1118 3382 1151 3421 na

110 3446 291 3522 serpentium
309 3445 382 3505 ictus
399 3452 488 3504 estur.
516 3445 666 3524 pampinos
685 3460 801 3521 quoque
818 3444 881 3502 eius
897 3441 1025 3502 edendos
1041 3461 1108 3503 cen·
