2400 3840
244 203 323 250 usu.
340 201 429 248 mrsu.
445 199 568 247 xxvur.
587 198 628 252 19.
645 197 688 250 bo.
706 194 854 261 (tt—81.)
987 191 1048 255 205

57 354 141 415 betur
155 356 281 415 virorum
294 372 395 413 venus.
427 354 604 414 Ebrietatem
621 363 702 414 ercet
718 355 814 434 pulmo
839 358 901 433 apri
921 366 968 416 ant
990 361 1048 418 suis

57 456 152 515 assus,
167 440 254 498 ieiuni
271 438 335 497 cibo
352 447 479 517 sumptus
496 456 532 498 eo
550 439 606 516 die,
624 440 692 497 item
707 438 855 498 haedinus.

121 523 170 584 20.
195 523 279 600 (81.)
301 519 372 582 blira
395 531 547 600 praeterea
569 521 716 581 traduntur
730 524 759 580 in
781 521 882 581 iisdem
904 524 1091 590 animali-263

56 606 127 666 bus:
158 606 311 681 vestigium
330 605 396 682 equi
412 622 564 665 excussum
579 605 699 682 ungulo,
721 614 751 664 ut
772 605 848 665 solet
867 607 1048 685 plerumque,

30 691 81 756 5si
102 691 166 768 quis
189 688 342 748 collectum
362 697 502 766 reponat,
528 688 670 764 singultus
687 689 843 748 remedium
861 707 927 749 esse
950 708 1048 751 recor·

56 773 190 832 dantibus
214 789 336 850 quonam
356 771 423 831 loco
443 771 470 830 id
488 772 684 850 reposuerint.
716 773 798 832 ioour
819 773 1049 851 luporum-equi·

55 874 110 916 nae
126 856 251 931 ungulae
268 855 359 915 simile
375 873 443 914 esse
459 864 488 913 et
503 857 594 934 rumpi
611 872 704 933 equos
720 857 768 936 qui
782 859 906 934 vestigia
917 857 1050 936 luporum

55 939 109 998 sub
126 942 222 1017 equite
240 948 403 1016 sequantur.
430 938 496 998 talis
512 956 593 998 suum
607 938 768 998 discordiae
783 942 839 999 vim
854 942 994 1018 quandam
1009 943 1050 1000 in-

57 1041 134 1081 esse.
161 1023 190 1080 in
205 1023 355 1098 incendiis,
378 1024 402 1082 si
416 1023 473 1082 limi
489 1021 596 1100 aliquid
610 1030 746 1096 egeratur
762 1041 778 1081 e
793 1025 920 1101 stabulis,
936 1025 1050 1085 facilius

19 1129 45 1169 uo
57 1105 168 1166 extrahi
187 1124 243 1165 nec
257 1124 410 1166 recurrere
426 1107 489 1165 ovis
505 1104 665 1182 bovesque.
687 1105 830 1164 hircorum
842 1111 936 1167 carnis
952 1111 1030 1168 virus
1042 1119 1094 1174 264

55 1206 113 1248 non
128 1190 273 1267 resipere,
292 1191 316 1247 si
333 1207 436 1266 panem
450 1187 646 1247 hordeaceum
661 1204 697 1246 eo
714 1187 760 1246 die
773 1204 829 1266 quo
846 1193 1051 1252 interficiantur

56 1272 169 1332 ederint
184 1273 301 1331 laserve
317 1271 434 1331 dilutum
449 1271 591 1345 biberint,
613 1270 706 1330 nullas
722 1287 793 1329 vero
809 1273 967 1332 teredinem
985 1293 1050 1333 sen·

55 1358 110 1415 tire
126 1356 193 1415 luna
208 1355 400 1413 decrescente
416 1354 561 1414 induratas
579 1353 651 1412 sale.
682 1352 814 1431 adeoque
827 1354 896 1413 nibil
914 1359 1051 1416 omissum

56 1448 101 1498 est
117 1447 147 1497 ut
162 1438 292 1515 leporem
305 1435 419 1496 surdum
432 1437 558 1496 celerius
570 1437 764 1514 pinguescere
781 1439 975 1514 reperiamus,
994 1443 1050 1499 ani·

20 1522 168 1582 remelium
180 1536 252 1579 vero
264 1519 433 1579 medicinas:
457 1522 481 1577 si
496 1521 613 1596 sanguis
624 1519 748 1597 profluat
759 1521 902 1596 iumentis,
918 1522 1031 1582 suillum
1041 1533 1092 1588 265

56 1608 150 1665 limum
179 1622 216 1662 ex
243 1605 309 1663 vino
336 1601 555 1679 infundendum,
582 1602 668 1662 boum
693 1612 788 1663 autem
809 1605 918 1665 morbis
939 1606 1050 1683 sebum,
1112 1638 1114 1642 ·

55 1689 156 1766 sulpur
171 1690 276 1763 vivom,
293 1687 377 1746 elium
392 1687 528 1747 silvestre
546 1695 735 1760 concoctum,
751 1690 817 1747 trita
832 1690 860 1747 in
875 1690 942 1750 vino
959 1690 1051 1751 danda

56 1780 104 1831 aut
119 1771 215 1850 volpis
235 1771 357 1849 adipem.
384 1788 499 1831 carnem
520 1769 690 1831 caballinam
711 1771 869 1832 discoctam
885 1783 955 1852 potu
972 1792 1051 1833 suum

55 1855 164 1915 morbis
178 1855 298 1929 mederi,
315 1856 438 1914 omnium
450 1871 522 1914 vero
535 1854 742 1933 quadripedum
755 1855 864 1915 morbis
877 1875 1051 1934 capramso·
1161 1868 1165 1872 “

19 1939 143 1999 solidam
167 1957 230 1998 cum
255 1939 334 1998 corio
357 1947 387 1996 et
406 1956 503 1998 ranam
529 1938 661 1997 rubetam
682 1937 838 1998 discoctas.
871 1940 1051 2015 gallinaceos

55 2040 113 2082 non
129 2023 229 2098 attingi
247 2020 409 2099 avolpibus
422 2022 470 2098 qui
485 2023 568 2079 iocur
584 2021 712 2079 animalis
729 2023 790 2079 eius
804 2022 912 2082 aridum
929 2024 1050 2098 ederint,

55 2106 104 2164 vel
120 2107 143 2164 si
161 2103 297 2183 pellicula
314 2122 351 2162 ex
367 2121 403 2163 eo
422 2103 500 2163 collo
515 2103 631 2163 inducta
648 2104 718 2179 galli
735 2105 859 2179 inierint,
876 2107 1008 2165 similiter
1024 2107 1052 2165 in

56 2189 127 2248 lelle
148 2186 297 2246 mustelae.
329 2185 422 2246 boves
445 2187 474 2245 in
496 2185 595 2264 Cypro
622 2196 722 2246 contra
745 2189 865 2247 tormina
889 2190 1094 2256 hominum266

57 2272 251 2331 excrementis
263 2269 317 2329 sibi
329 2271 448 2348 mederi,
459 2287 517 2329 nou
532 2269 640 2329 subieri
649 2271 740 2348 pedes
751 2271 846 2348 boum,
860 2274 884 2331 si
895 2275 975 2352 prius
987 2291 1051 2333 cor·

21 2380 46 2419 25
58 2373 114 2415 nna
131 2355 184 2414 ima
204 2356 269 2433 pice
285 2354 391 2432 liquida
410 2363 635 2433 perunguantur.
667 2355 753 2434 lupos
771 2357 799 2413 in
816 2373 916 2432 agrum
930 2375 987 2416 non
1005 2376 1051 2417 ac·

57 2438 175 2514 cedere,
192 2439 215 2496 si
238 2439 313 2516 capti
328 2440 410 2496 unius
424 2436 546 2516 pedibus
559 2437 687 2496 infractis
699 2438 850 2515 cultroque
866 2441 969 2500 adacto
984 2460 1051 2519 pau-

56 2524 134 2583 latim
150 2523 267 2596 sanguis
284 2523 361 2579 circa
374 2521 437 2579 linis
453 2522 517 2594 agri
533 2528 688 2597 spargatur
705 2529 790 2597 atque
810 2523 874 2600 ipse
891 2523 1053 2582 defodiatur

56 2608 84 2665 in
100 2622 136 2662 eo
152 2601 220 2662 loco
238 2621 276 2661 ex
287 2620 344 2679 quo
358 2604 488 2681 eoeperit
504 2601 587 2677 trabi,
603 2610 651 2660 aut
664 2604 688 2660 si
700 2620 915 2685 vomeremque
926 2608 1094 2685 primus267

56 2687 155 2746 sulcus
171 2702 207 2745 eo
225 2703 298 2746 anno
314 2687 342 2745 in
358 2684 547 2761 agroduotus
566 2686 603 2743 sit
620 2703 771 2746 excussum
789 2697 884 2749 aratro
905 2689 990 2748 iocus
1013 2690 1052 2749 la·

21 2773 128 2835 aurium
147 2786 203 2847 quo
220 2769 326 2828 familia
351 2770 486 2829 convenit
505 2767 651 2845 absumat,
674 2788 709 2830 ac
728 2770 826 2850 lupum
849 2772 918 2831 nulli
940 2773 1052 2832 animali

55 2855 216 2916 nociturum
232 2854 259 2911 in
275 2871 309 2912 eo
328 2869 399 2928 agro
416 2869 500 2931 quam
516 2851 562 2911 diu
577 2851 607 2911 id
616 2853 674 2912 liat.
703 2853 777 2914 lliuc
796 2855 899 2916 deinde
915 2874 1051 2935 praever-

55 2950 148 2999 temur
168 2937 204 2998 ad
229 2937 358 2997 animalia
382 2938 426 2996 sui
453 2937 572 3014 generis
594 2955 667 3014 qnae
699 2948 745 2998 aut
771 2940 884 3017 placida
906 2957 963 3002 non
988 2950 1052 3000 sunt

58 3031 105 3083 aut
126 3022 199 3081 iera.
