2400 3840
313 201 394 249 unn.
411 199 613 249 mau.xx1x.
629 197 656 251 a.
670 196 696 249 4·
714 187 865 265 (la-17.)
1014 188 1075 250 217

92 355 247 415 hostiarum
262 355 327 414 vica
342 360 489 412 uterentur
508 351 564 412 bis.
596 351 715 412 Genitae
731 352 831 413 blance
848 353 943 413 catulo
967 372 1015 413 res
1036 353 1077 413 di·

92 439 157 496 vica
173 439 203 497 lit
226 447 255 497 et
277 438 305 495 in
323 437 403 495 cenis
419 435 502 496 deum
518 436 669 494 etiamnum
693 437 808 512 ponitur
822 435 953 496 catulina.
980 436 1077 496 aditia-

91 520 167 581 libus
191 520 305 598 quidem
328 519 422 597 epulis
443 517 591 578 celebrem
605 517 696 577 luisse
717 518 811 578 Plauti
832 518 946 578 fabulae
972 519 1077 579 indicio

92 613 165 663 sunt.
197 605 333 679 sanguine
356 603 457 662 canino
480 611 580 661 contra
603 601 700 660 toxica
720 602 790 661 nihil
811 603 1002 680 praestantius
1026 620 1077 680 pu·

66 695 162 762 stant,
177 687 348 745 vomitiones
365 703 479 763 quoque
493 685 550 745 boc
565 684 669 743 animal
685 695 861 745 monstrasse
877 685 983 744 homini
997 684 1077 745 vide·

91 779 147 847 tur,
164 778 193 828 et
208 769 281 829 alios
295 786 363 829 usus
377 786 415 828 ex
432 786 469 829 eo
482 770 554 827 mire
567 767 698 827 laudatos
712 769 872 828 referemus
889 769 948 827 suis
963 768 1047 828 locis.

155 852 239 931 (15.)
266 851 350 912 Nunc
375 852 410 913 ad
437 853 553 911 instituti
575 850 702 910 ordinem
726 869 891 929 pergemus.
927 850 1121 914 Adversusdb

92 936 269 1012 serpentium
283 937 357 996 ictus
379 935 512 995 efficacia
526 934 665 994 habentur
680 935 773 993 limum
795 935 914 1014 pecudis
930 953 1034 995 recens
1049 935 1078 992 in

92 1019 157 1076 vino
173 1017 324 1078 decoctum
346 1020 527 1096 inlitumque,
550 1034 645 1076 mures
665 1017 783 1078 dissecti
803 1019 936 1098 inpositi,
960 1035 1080 1098 quorum

56 1111 190 1162 sonatura
204 1111 319 1162 nonest
335 1101 515 1180 spernenda,
539 1100 696 1177 praecipue
710 1101 739 1158 in
754 1101 877 1162 adsensu
892 1102 1029 1180 siderum,
1049 1109 1080 1161 ut

91 1183 222 1260 diximus,
235 1202 298 1244 cum
310 1185 394 1244 lunae
406 1183 511 1242 lumine
523 1182 656 1242 fibrarum
667 1200 784 1243 numero
797 1195 949 1244 crescente
960 1183 1123 1267 atque,};}ll

90 1266 293 1334 decrescente.
322 1266 434 1326 tradunt
444 1265 521 1342 Magi
536 1265 664 1324 iocinere
680 1266 766 1324 muris
784 1265 851 1326 dato
866 1270 965 1344 porcis
979 1270 1008 1326 in
1022 1268 1080 1327 lico

92 1351 174 1425 sequi
189 1349 301 1408 dantem
316 1348 345 1407 id
362 1349 479 1424 animal,
502 1351 531 1407 in
553 1347 668 1407 bomine
687 1364 802 1426 quoque
823 1349 954 1408 similiter
970 1349 1080 1426 valere,

92 1431 144 1492 sed
159 1432 268 1492 resolvi
287 1429 391 1505 cyatho
408 1431 466 1490 olei
481 1440 561 1509 poto.

56 1529 82 1571 m
153 1514 235 1593 (16.)
256 1514 438 1575 Mustelarum
452 1514 509 1574 duo
529 1531 652 1591 genera:
679 1513 799 1573 alterurn
815 1514 951 1574 silvestre
972 1514 1123 1578 distensio

91 1598 300 1674 magnitudine,
323 1596 426 1657 Graeci
442 1606 549 1658 vocant
562 1596 687 1657 ictidas..
702 1595 801 1658 harum
821 1598 862 1658 fel
884 1607 984 1658 contra
1005 1597 1080 1673 aspi·

92 1682 143 1741 das
164 1681 265 1741 dicitur
287 1681 408 1757 eilicax,
437 1689 537 1741 cetero
557 1698 709 1740 vencnum.
742 1680 815 1742 haec
840 1690 933 1742 autem
960 1679 1082 1759 quaein

92 1765 222 1825 domibus
231 1767 337 1825 nostris
353 1765 470 1825 oberrat
481 1773 511 1824 et
525 1764 637 1824 catulos
652 1757 731 1841 suos,
741 1775 772 1824 ut
787 1774 888 1825 auctor
903 1773 949 1825 est
961 1762 1079 1841 Cicero,

92 1849 198 1909 cotidie
215 1849 350 1908 transfert
364 1858 509 1927 mutatque
524 1848 640 1924 sedem,
662 1849 806 1925 serpentis
822 1849 1013 1927 persequitur.
1045 1866 1082 1907 ex

55 1953 82 1993 ao
93 1950 128 1992 ea
144 1933 302 1993 inveterata
317 1931 378 1992 sale
394 1932 492 1992 denari
506 1932 618 2009 pondus
639 1933 667 1990 in
683 1931 794 2005 cyathis
809 1932 898 1991 tribus
918 1932 1000 1992 datur
1015 1949 1083 2009 per·

94 2016 185 2075 cussis
201 2025 248 2075 aut
266 2015 442 2074 ventriculus
457 2014 610 2074 coriandro
626 2014 717 2073 lartus
731 2016 906 2074 inveteratus
928 2022 957 2073 et
971 2015 999 2072 in
1015 2014 1083 2071 vino

93 2107 189 2176 potus,
206 2116 222 2156 e
242 2098 335 2157 catulo
351 2097 491 2158 mustelae
510 2099 594 2157 etiam
613 2097 770 2156 efficacius.

156 2180 240 2257 (17.)
263 2179 409 2254 Quaedam
425 2180 558 2260 pudenda
575 2179 653 2240 dictu
669 2189 746 2240 tanta
761 2189 909 2241 auctorum
924 2180 1077 2240 adseuera·
1089 2188 1122 2244 61

92 2264 170 2323 tione
184 2264 417 2324 commendantur
436 2273 466 2324 ut
483 2264 643 2342 praeterire
663 2264 708 2324 ias
730 2281 788 2323 non
809 2266 859 2341 sit,
881 2264 1018 2342 siquidem
1033 2263 1083 2322 illa

56 2368 83 2407 as
94 2345 249 2407 concordia
264 2365 359 2406 rerum
370 2356 418 2406 aut
431 2349 620 2425 repugnantia
631 2348 790 2408 medicinae
805 2348 975 2424 gignuntur,
993 2345 1083 2406 veluti

93 2431 223 2490 cimicum
241 2430 369 2490 animalis
392 2430 551 2489 foedissimi
572 2439 601 2488 et
623 2430 700 2490 dictu
719 2447 834 2508 quoquo
854 2430 1016 2490 fastidiendi
1033 2447 1083 2488 na·

91 2524 153 2573 tura
169 2521 268 2571 contra
284 2513 459 2589 serpentium
477 2530 589 2572 morsus
610 2520 638 2571 et
659 2514 816 2590 praecipue
839 2512 969 2590 aspidum
982 2511 1084 2571 valere

93 2595 210 2671 dicitur,
235 2595 302 2653 item
323 2602 422 2654 contra
437 2612 550 2654 venena
565 2596 667 2664 omnia,
684 2603 868 2670 argumento,
891 2594 967 2673 quod
988 2593 1086 2654 dicant

92 2675 216 2754 gallinas
238 2693 295 2753 quo
322 2676 370 2735 dio
397 2676 508 2736 ederint
529 2694 586 2737 non
608 2677 730 2736 interfici
749 2676 784 2736 ab
807 2677 908 2756 aspide
930 2678 1082 2755 carnisque

56 2776 190 2823 soearum
218 2759 366 2837 percussis
388 2759 545 2839 plurumum
566 2760 717 2838 prodesse.
751 2778 788 2819 ex
806 2760 851 2819 his
873 2778 947 2838 quae
968 2759 1126 2826 traduntoa

92 2842 321 2903 humanissimum
336 2851 381 2902 est
395 2844 514 2903 inlinere
530 2843 671 2904 morsibus
684 2862 748 2903 cum
764 2845 902 2920 sanguine
920 2844 1081 2920 testudinis,

91 2928 159 2986 item
174 2925 269 2986 suilitu
288 2943 387 2986 eorum
405 2927 525 3004 abigere
542 2928 731 3004 sanguisugas
752 2926 934 2987 adhaerentis
952 2926 1081 2988 harrstas·

92 3028 148 3088 que
165 3009 201 3069 ab
225 3009 391 3071 animalibus
408 3013 589 3087 restinguere
609 3012 637 3070 in
659 3019 729 3088 potu
750 3011 838 3087 datis,
863 3028 1032 3089 quamquam
1053 3019 1082 3068 et

93 3092 195 3152 oculos
220 3093 333 3171 quidam
355 3095 399 3162 lris
422 3095 559 3170 inungunt
578 3095 651 3154 tritis
676 3112 739 3152 cum
758 3095 820 3154 sala
841 3101 870 3154 et
886 3093 962 3154 lacte
983 3092 1081 3151 mulie·

37 3198 40 3203 ’
57 3192 162 3252 aarum,
181 3177 317 3254 aurisque
334 3194 396 3237 cunr
410 3175 496 3235 melle
513 3184 542 3237 ot
555 3194 679 3236 rosaceo
694 3177 836 3237 admixtis.
862 3193 914 3237 eos
932 3177 979 3253 qui
997 3191 1080 3250 agre·

93 3268 154 3318 stes
168 3260 223 3319 sint
240 3268 269 3318 et
280 3259 309 3318 in
322 3259 415 3318 malua
430 3267 582 3319 nascantur
599 3269 743 3320 crematos
758 3261 856 3319 cinere
877 3259 1020 3336 permixto
1034 3273 1081 3316 ro·

92 3359 179 3402 sacco
194 3341 341 3402 infundunt
360 3341 484 3402 auribus.
521 3350 618 3402 cetera
633 3360 707 3421 quae
722 3341 758 3401 de
775 3342 820 3401 bis
841 3340 968 3415 tradunt,
989 3340 1077 3398 vomi·
1089 3350 1125 3406 63
1168 3353 1172 3362 ·

91 3425 197 3484 tionum
212 3433 241 3484 et
255 3434 454 3504 quartanarum
463 3425 590 3486 remedia
603 3425 782 3502 aliorumque
794 3422 968 3501 morborum,
986 3440 1080 3500 qnam-
