2400 3840
158 163 220 228 202
493 174 797 224 ornmnsuounnr

115 342 168 396 246
232 333 279 393 19.
303 331 386 410 (77.)
410 329 561 390 Mulierum
577 329 766 408 purgationes
779 326 943 387 adiuvatiel
960 326 1034 386 tauri
1047 325 1076 384 iu
1090 324 1156 385 lana

158 415 257 475 sucida
279 415 441 493 adpositum
465 449 507 459 -
532 411 680 491 Olympias
703 409 839 471 Thebana
860 409 938 469 addit
958 409 1104 486 hysopum
1126 417 1156 468 et

156 500 260 558 nitrum
273 531 331 574 -‚
356 516 461 558 comus
479 498 587 557 cervini
603 497 675 555 cinis
693 503 790 572 potus,
813 495 881 553 item
900 494 1003 553 volvas
1020 491 1154 552 laboran-

157 583 194 642 tis
209 582 305 642 inlitus
323 600 439 661 quoque
455 591 484 641 et
500 581 541 640 fel
557 580 697 639 taurinum
714 597 778 638 eum
795 578 864 656 opio
880 576 1041 656 adpositum
1057 574 1154 634 obolis

157 664 241 725 binis.
277 665 379 725 volvas
399 665 459 743 pilo
491 666 611 724 cervino
638 662 737 723 suffire
764 660 893 740 prodest.
931 659 1060 720 Tradunt
1089 676 1171 719 cer-s

157 767 226 824 vas,
242 767 305 808 cnm
321 750 467 808 senserint
481 765 514 806 se
529 747 683 823 gravidas,
699 745 829 825 lapillum
848 744 1007 819 devorare,
1023 760 1112 821 quem
1125 743 1153 800 in

157 833 352 892 excrementis
373 840 519 911 repertum
534 839 582 890 aut
603 832 631 889 in
653 829 801 889 volva-
819 845 884 888 nam
903 836 932 886 et
948 825 988 885 ibi
1008 826 1154 885 invenitur

114 925 165 978 247
178 947 221 961 -
237 914 384 975 custodire
401 923 499 992 partus
515 912 708 990 adalligatum.
739 914 920 972 inveniuntur
936 919 966 969 et
980 909 1110 970 ossicula
1126 909 1153 968 in

157 997 246 1058 corde
263 999 334 1056 etin
349 997 437 1057 volva
459 998 597 1077 perquam
613 997 691 1056 utilia
711 996 840 1074 gravidis
858 992 1151 1072 parturientibusque.

156 1099 221 1139 uam
242 1079 278 1139 de
294 1082 406 1158 pumice
424 1083 516 1159 quiin
536 1097 689 1140 vaccarum
709 1089 793 1139 utero
811 1079 895 1139 simili
909 1078 996 1138 modo
1011 1078 1180 1137 iuveniturn

117 1183 146 1224 n.
156 1184 191 1218 sus
205 1163 327 1224 diximus
344 1166 373 1223 in
388 1174 488 1224 natura
502 1163 598 1225 boum.
632 1163 704 1242 Lupi
719 1163 801 1241 adips
815 1163 913 1223 inlitus
932 1161 1036 1221 volvas
1051 1159 1150 1235 mollit

158 1247 277 1308 dolores
299 1266 396 1307 earum
416 1250 507 1308 iocur.
547 1249 641 1308 caruis
659 1247 718 1326 lupi
745 1245 843 1306 edisse
863 1247 1000 1324 parituris
1020 1244 1150 1322 prodest,

157 1340 205 1391 ant
220 1333 245 1390 si
266 1330 471 1410 incipientibus
493 1333 635 1411 parturire
658 1331 694 1390 sit
715 1331 794 1389 iuxta
821 1331 868 1408 qni
890 1328 997 1404 ederit,
1021 1327 1100 1388 adeo
1123 1332 1151 1385 ut

158 1415 242 1473 edam
262 1424 362 1476 contra
376 1416 477 1475 inlatas
492 1416 593 1475 noxias
608 1414 713 1474 valeat.
742 1412 863 1472 eundem
879 1412 1073 1491 supervenire
1089 1427 1149 1489 per·

113 1507 166 1562 248
178 1500 319 1558 niciosnm
341 1507 396 1558 est.
424 1501 547 1575 blaguus
570 1507 599 1558 et
620 1498 731 1576 leporis
751 1515 820 1557 usus
844 1495 1021 1555 mulieribus.
1050 1494 1176 1554 volvatis

157 1580 272 1641 adiuvat
290 1581 387 1660 pulmo
404 1583 500 1642 aridos
516 1592 613 1659 potus,
631 1580 772 1660 profluvia
787 1582 870 1640 iocur
885 1596 948 1638 cum
960 1579 1058 1638 Samia
1077 1586 1150 1638 terra

157 1681 194 1722 ex
216 1681 290 1739 aqna
313 1674 427 1740 potum,
451 1664 594 1724 secundas
610 1665 778 1740 coagulum,
802 1700 838 1712 -
863 1671 1002 1722 caventur
1023 1661 1150 1741 pridiana

156 1745 269 1805 balinea
284 1777 341 1820 —‚
358 1748 466 1807 inlitum
483 1764 598 1825 quoque
610 1765 673 1807 cum
688 1764 778 1806 croco
795 1755 825 1806 et
841 1747 920 1825 porri
940 1762 1023 1821 suco,
1039 1744 1150 1806 vellere

157 1827 317 1906 adpositum
332 1830 450 1890 abortus
464 1839 593 1890 mortuos
609 1830 739 1909 expellit.
772 1832 797 1889 si
812 1830 899 1890 volva
920 1828 1054 1907 leporum
1068 1831 1098 1888 in
1113 1828 1150 1887 ci·

155 1912 200 1971 bis
211 1917 355 1989 sumatur,
370 1916 457 1974 maris
473 1915 587 1993 concipi
605 1923 714 1993 putant,
730 1914 787 1973 boc
799 1924 829 1974 et
843 1912 985 1973 testiculis
1002 1930 1106 1972 eornm
1123 1918 1177 1970 era

158 1998 283 2074 coagulo
296 2000 409 2076 profici.
433 2007 605 2077 conceptum
617 1997 727 2075 leporis
741 2007 825 2056 utero
837 2005 1003 2074 exemptum
1016 1996 1063 2056 his
1080 2011 1151 2074 quae

113 2087 164 2144 249
176 2099 281 2158 parere
300 2082 437 2141 desierint
456 2081 614 2141 restibilem
635 2081 840 2140 fecunditatem
856 2079 986 2156 adferre,
1012 2079 1066 2140 scd
1087 2096 1151 2139 con·

157 2172 258 2240 ceptus
282 2165 395 2242 leporis
413 2166 521 2226 saniem
544 2174 572 2224 et
587 2166 650 2224 viro
667 2165 744 2240 Magi
766 2165 934 2243 propinant,
955 2164 1026 2222 item
1048 2160 1151 2240 virgini

155 2262 260 2304 novem
291 2265 382 2322 grana
409 2249 465 2306 limi
494 2257 525 2306 ut
554 2256 629 2306 stent
656 2257 799 2326 perpetuo
831 2264 979 2306 mammae.
1024 2246 1149 2324 coagulo

156 2347 272 2407 quoque
290 2329 327 2388 ob
343 2331 371 2389 id
387 2348 450 2388 cum
463 2330 550 2390 melle
567 2330 696 2406 inlinunt,
714 2333 852 2407 sauguine
867 2329 914 2389 ubi
929 2329 1051 2389 evolsos
1074 2328 1175 2409 pilos²⁵

154 2414 269 2472 renasci
291 2413 398 2473 nolunt.
435 2413 577 2474 Inflationi
594 2414 700 2473 volvae
725 2414 818 2473 fimum
836 2431 973 2491 aprunum
997 2412 1149 2473 suillumve

156 2514 219 2555 cnm
239 2497 307 2556 oleo
324 2498 403 2559 inlini
420 2497 548 2576 prodest.
581 2498 729 2557 efficacius
751 2500 814 2557 sisti
834 2497 925 2557 farina
947 2496 1036 2574 aridi,
1060 2506 1092 2556 ut
1105 2495 1150 2557 ad·

155 2590 311 2658 spergatnr
326 2583 446 2660 potioni,
462 2582 510 2640 vel
526 2583 549 2640 si
562 2580 700 2658 gravidae
716 2590 764 2639 aut
776 2598 939 2659 puerperae
951 2588 1149 2659 torqueantur.

111 2663 261 2726 molente
273 2665 334 2724 suis
350 2674 419 2744 poto
436 2683 499 2725 cum
510 2665 603 2726 mulso
619 2664 787 2724 adiuvantur
803 2673 902 2741 partus
916 2662 1077 2724 mulierum.
1101 2679 1150 2742 per

154 2764 188 2804 se
203 2765 274 2806 vero
290 2758 389 2826 potum
407 2749 568 2809 deficientia
585 2747 674 2808 ubera
694 2765 900 2828 puerperarum
916 2747 1024 2825 replet.
1051 2748 1177 2808 ennena

155 2831 313 2890 circumlita
330 2834 468 2908 sanguine
483 2833 607 2892 feminae
629 2833 689 2891 suis
710 2832 801 2891 minus
818 2839 962 2890 creseunt.
1000 2831 1026 2890 si
1043 2830 1150 2905 dolent,

155 2910 238 2972 lactis
256 2915 357 2987 asinini
371 2926 440 2993 potu
457 2917 629 2991 mulcentur,
646 2915 723 2992 qnod
738 2914 835 2974 addito
853 2914 941 2972 melle
962 2924 1106 2993 sumptum
1124 2920 1151 2973 et

155 2998 343 3072 purgationes
358 3017 454 3058 earum
471 3000 594 3059 adiuvat.
617 3008 698 3058 sanat
712 3006 740 3057 et
752 2997 901 3057 volvarum
917 2996 1151 3058 exulcerationes

155 3080 283 3139 eiusdem
298 3082 425 3142 animalis
448 3083 548 3141 sebum
564 3083 753 3141 inveteratum
774 3090 803 3140 et
818 3082 846 3140 in
861 3080 973 3145 vellere
988 3081 1152 3160 adpositum

154 3162 271 3223 duritias
286 3165 435 3225 volvarum
452 3165 571 3225 emollit.
602 3184 654 3244 per
676 3184 708 3224 se
730 3181 802 3224 vero
818 3183 923 3224 recens
943 3164 991 3223 vel
1008 3166 1180 3225 invutero-⁸⁵

111 3256 161 3309 251
174 3255 231 3306 tum
246 3266 284 3306 ex
299 3266 371 3325 aqua
387 3249 496 3307 inlitum
511 3248 624 3326 psilotri
640 3250 697 3307 vim
713 3249 834 3326 optinet.
871 3247 998 3307 eiusdem
1021 3248 1153 3308 animalis

153 3330 211 3389 lien
232 3332 409 3390 inveteratus
427 3350 464 3391 ex
486 3349 558 3410 aqua
580 3331 676 3391 inlitus
698 3333 826 3391 mammis
847 3330 1049 3392 abundantiam
1072 3333 1152 3406 lacit,

154 3410 255 3473 volvas
272 3415 367 3473 suffitu
383 3415 512 3490 corrigit.
549 3414 679 3491 Ungulae
699 3416 827 3475 asininae
842 3415 949 3474 sullitio
965 3424 1081 3492 partum
1093 3433 1152 3476 sna-
