2400 3840
293 194 374 243 nan.
390 193 480 255 ausu.
497 192 595 240 xxxr.
611 192 636 245 a.
652 190 678 243 4.
695 179 842 259 (aa-as.)
1005 180 1066 244 269

67 353 97 412 in
111 368 179 412 aere
195 350 284 409 sudor
299 348 477 408 vellucerna
492 348 554 407 sine
570 347 686 406 defectu
699 347 756 407 olei
772 349 907 407 restincta
923 350 1067 408 autetiam

68 435 163 495 vellus
178 434 261 494 lanae
275 430 417 492 madidum
431 433 610 511 reperiatur,
623 448 680 490 non
691 430 777 491 dubie
789 434 956 510 promittuut
968 450 1065 510 aquas.

69 519 181 598 quidam
198 527 227 576 et
242 519 309 594 igne
331 517 411 595 prius
426 524 571 576 excocunt
587 515 682 575 locum
697 523 775 575 tanto
791 517 959 576 efficaciore
982 532 1065 578 vaso·

66 620 128 663 rum
146 609 326 678 argumento.
568 650 569 654 ,

46 700 61 741 s
131 686 216 765 (28.)
245 684 336 745 'ferra
361 701 431 745 vero
457 685 522 762 ipsa
547 685 686 761 promittit
709 681 921 744 candicantibus
945 683 1064 743 maculis
1075 693 1107 748 47

67 778 115 830 aut
129 778 190 829 tota
205 768 301 846 glauci
322 769 441 828 coloris.
470 770 499 827 in
510 769 592 844 nigra
614 769 688 827 enim
711 767 902 844 scaturigines
922 785 979 827 non
1003 767 1065 826 fere

67 863 132 913 sunt
147 871 303 930 perennes.
334 852 463 929 figularis
479 860 558 911 creta
573 870 689 929 semper
707 851 803 912 adimit
822 869 909 929 spes,
933 869 988 911 nec
1010 868 1066 910 arn·

68 936 144 1015 plius
160 945 276 1015 puteum
294 936 405 996 fodiunt
420 937 500 995 coria
512 944 608 994 terrae
624 935 826 1011 observantes,
842 943 872 994 ut
887 954 903 995 a
920 937 1001 1012 nigra
1016 934 1065 994 de·

67 1020 187 1081 scendet
202 1020 274 1080 ordo
289 1038 375 1098 supra
391 1021 493 1080 dictus.
527 1018 612 1096 Aqua
635 1037 751 1098 semper
773 1019 866 1078 dulcis
882 1020 909 1078 in
924 1018 1063 1097 argillosa
1074 1028 1108 1082 48

32 1126 59 1168 ao
69 1113 163 1180 terra,
180 1105 313 1181 frigidior
328 1106 356 1162 in
372 1103 443 1162 tofo.
472 1120 594 1180 namque
606 1112 635 1161 et
653 1102 700 1161 hic
715 1101 868 1181 probatur,
883 1102 976 1164 dulcis
992 1104 1066 1163 enim

67 1187 288 1265 levissimasque
303 1188 372 1247 facit
388 1195 417 1244 et
432 1185 555 1244 colando
573 1187 702 1245 continet
717 1185 822 1246 sordis.
851 1186 982 1247 sabulum
1005 1189 1065 1247 exi·

67 1271 103 1331 lis
115 1271 291 1348 limosasque
304 1269 453 1347 promittit,
470 1268 562 1346 glacia
577 1272 703 1329 incertas
714 1286 814 1345 venas,
829 1268 881 1328 sed
896 1270 966 1330 boui
980 1288 1065 1348 sapo-

66 1357 123 1430 ris,
141 1353 270 1413 sabulum
284 1353 440 1412 masculum
457 1360 486 1410 et
501 1352 607 1412 harena
630 1362 658 1411 et
679 1351 868 1412 carbunculus
893 1361 988 1413 certas
1009 1362 1065 1412 sta·

66 1437 192 1515 bilisque
208 1445 237 1497 et
252 1436 395 1511 salubris,
410 1434 496 1496 rubra
515 1452 584 1496 saxa
597 1445 728 1514 optumas
740 1438 863 1515 speique
880 1437 1065 1512 certissimas,

31 1540 57 1583 aa
67 1522 182 1582 radices
194 1520 330 1580 montium
342 1537 469 1580 saxosae
482 1527 511 1579 at
526 1520 601 1579 silex
616 1519 672 1580 hoc
687 1521 808 1598 amplius
823 1520 954 1596 rigentis.
978 1537 1065 1598 opor·

65 1612 108 1665 tet
122 1613 216 1664 autem
230 1602 407 1664 fodientibus
425 1602 580 1663 umidiores
600 1602 719 1663 adsidue
741 1603 921 1682 respondere
943 1603 1065 1682 glaebas

66 1687 237 1766 faciliusque
252 1688 425 1749 ferramenta
447 1686 637 1748 descendero.
667 1687 825 1766 Depressis
845 1688 939 1766 puteis
965 1687 1061 1766 sulpu·
1074 1697 1107 1752 49

66 1780 128 1831 rata
144 1771 191 1832 vel
205 1771 363 1832 aluminosa
380 1773 561 1832 occurrentia
575 1774 723 1850 putearios
739 1781 855 1832 necant.
884 1773 1065 1850 experimen·

67 1863 123 1914 tum
136 1853 218 1914 huius
233 1855 355 1935 periculi
368 1864 412 1915 est
427 1855 551 1916 demissa
564 1857 669 1916 ardens
680 1855 809 1932 lucerna,
827 1857 851 1916 si
863 1856 1065 1932 exstinguitur.

30 1946 134 2002 aotunc
155 1939 311 2000 secundum
334 1948 449 2018 puteum
479 1939 581 1999 dextra
600 1957 637 1999 ac
657 1941 772 1998 sinistra
790 1939 901 1999 fodiunt
922 1940 1066 1999 aestuaria

22 2018 25 2023 ’
66 2038 141 2100 quae
159 2023 323 2099 graviorem
337 2022 416 2081 illum
432 2022 549 2080 halitum
568 2022 721 2099 recipiant.
752 2023 783 2082 lit
797 2031 827 2082 et
848 2023 910 2081 sine
926 2022 970 2081 his
989 2021 1065 2080 vitiis

66 2105 214 2164 altitudine
228 2106 292 2182 ipsa
308 2106 427 2182 gravior
442 2123 492 2164 aer
507 2122 592 2183 quem
607 2105 759 2165 emendant
779 2105 897 2166 adsiduo
913 2105 1065 2165 linteorum

65 2187 171 2247 iactatu
186 2188 379 2248 eventilando.
409 2207 472 2248 cum
487 2188 523 2248 ad
534 2206 635 2269 aquam
650 2199 765 2249 ventum
778 2199 833 2265 est,
849 2189 911 2248 sine
926 2189 1064 2249 harenato

66 2288 141 2348 opus
154 2272 245 2347 surgit
255 2290 292 2331 ne
304 2289 397 2332 venae
410 2271 602 2332 obstruantur.
620 2273 767 2348 Quaedam
780 2291 872 2352 aquae
886 2291 956 2332 vere
969 2274 1062 2333 statim
1073 2284 1108 2336 50

29 2372 57 2414 ss
69 2354 224 2432 incipiente
238 2355 404 2432 frigidiores
423 2365 503 2432 suat,
526 2373 643 2434 quarum
661 2358 762 2417 nonin
783 2357 842 2417 alto
856 2357 940 2434 origo
956 2367 1001 2417 est
1023 2390 1065 2402 -—

64 2436 194 2497 hibernis
210 2439 284 2498 enim
296 2448 428 2498 constant
439 2439 578 2499 imbribus
587 2473 640 2516 -,
656 2439 795 2518 quaedam
807 2440 886 2500 canis
899 2449 974 2515 ortu,
990 2441 1065 2499 sicut

64 2522 93 2579 iu
109 2519 280 2581 Macedonia
294 2522 375 2583 Pella
391 2521 551 2600 utrumque
585 2533 651 2582 ante
666 2522 802 2602 oppidum
818 2524 892 2583 enim
909 2525 1064 2602 incipiente

63 2612 176 2664 aestate
192 2604 297 2681 frigida
313 2614 357 2664 est
373 2604 525 2684 palustris,
548 2604 615 2664 dein
629 2623 761 2666 maxumo
778 2615 860 2666 aestu
876 2608 904 2665 in
914 2607 1064 2666 excelsio-

62 2686 145 2747 ribus
160 2687 259 2764 oppidi
271 2689 356 2764 riget.
379 2688 437 2747 hoc
452 2697 482 2747 et
496 2690 525 2747 iu
538 2688 610 2748 Ghio
627 2689 724 2748 evenit
742 2689 825 2749 simili
840 2692 950 2749 ratione
965 2699 1064 2767 portus

21 2779 96 2833 acet
119 2768 228 2849 oppidi.
269 2769 392 2830 Athenis
413 2769 621 2832 Enneacrunos
642 2772 772 2834 nimbosa
797 2781 908 2834 aestate
933 2773 1064 2849 frigidior

65 2862 113 2913 est
128 2871 212 2931 quam
228 2861 333 2930 puteus
348 2856 376 2914 in
390 2854 468 2915 Iovis
484 2856 586 2933 horto,
602 2866 631 2916 at
646 2855 697 2917 ille
712 2856 889 2916 siccitatibus
900 2858 991 2935 riget,
1006 2876 1063 2918 nra·

64 2954 150 2996 xume
167 2946 261 2996 autem
276 2940 356 3017 putei
375 2941 452 2999 circa
475 2948 627 3001 arcturum.
671 2942 700 3000 4.
723 2956 780 2999 non
802 2942 865 3020 ipsa
882 2950 992 3002 aestate
1014 2940 1063 3001 de·

64 3021 180 3097 ficiunt,
206 3039 364 3101 omnesque
385 3025 536 3102 quatriduo
558 3042 594 3084 eo
617 3022 775 3084 subsidunt.
820 3027 874 3085 iam
892 3043 964 3085 vero
985 3025 1064 3084 multi

63 3103 159 3164 hieme
177 3113 255 3180 tota,
271 3113 302 3164 ut
317 3108 395 3167 circa
412 3105 581 3184 Olynthum,
598 3126 670 3168 vere
685 3109 805 3187 primum
821 3109 904 3187 aquis
921 3108 1063 3167 redeunti·

19 3204 54 3248 as
65 3187 130 3246 bus.
160 3190 195 3249 In
210 3188 309 3250 Sicilia
323 3190 436 3267 quidem
450 3192 528 3249 circa
542 3191 703 3252 blessanam
718 3201 747 3252 et
761 3192 854 3266 lllylas
868 3192 962 3251 hieme
974 3194 1002 3251 in
1017 3201 1059 3251 to·
1071 3205 1100 3257 51

65 3281 124 3331 turn
137 3273 302 3334 inarescunt
319 3273 432 3349 fontes,
454 3283 564 3334 aestate
587 3276 731 3335 exundant
755 3293 923 3352 amnemque
945 3276 1062 3335 faciunt.

63 3354 242 3434 Apolloniae
254 3357 282 3415 in
297 3355 389 3418 Ponto
404 3355 471 3417 fons
486 3359 564 3417 iuxta
575 3377 653 3418 mare
669 3368 780 3418 aestate
794 3367 901 3420 tanturn
913 3359 1062 3437 superfluit

62 3448 95 3498 et
105 3456 236 3498 maxume
252 3443 331 3501 canis
346 3449 426 3518 ortu,
442 3441 575 3520 parcius,
593 3444 617 3501 si
631 3441 765 3520 frigidior
781 3443 818 3502 sit
833 3451 940 3504 aestas.
968 3443 1066 3515 Quae-
