2400 3840
145 167 207 231 248
485 179 515 227 c.
530 181 628 228 aurun
643 179 794 229 succum

143 345 241 396 rentur
252 336 309 397 hoc
317 337 365 414 qui
375 337 466 396 sciunt
474 335 839 396 foedissimumanimalium
851 336 878 394 in
891 346 1024 414 qnantum
1033 337 1141 414 magni

143 422 231 480 licent
241 421 371 496 ricinum,
384 423 517 499 quoniam
534 422 580 478 uni
599 419 693 479 nullus
708 421 744 478 sit
760 421 852 479 exitus
871 423 991 496 saginae
1009 439 1066 480 nec
1080 420 1142 479 finis

143 505 198 566 alia
215 522 298 582 quam
314 514 406 564 morte
422 505 527 564 diutius
543 506 571 561 in
586 503 661 563 lame
677 503 795 562 viventi.
829 506 958 581 septenis
978 506 1018 564 ita
1039 503 1143 564 diebus

99 589 264 655 &adorasse
282 589 409 665 tradunt,
434 597 462 648 at
476 588 504 646 iu
520 587 653 648 satietate
668 587 854 665 paucioribus
870 586 1034 649 dehiscere.
1065 586 1142 646 hunc

143 691 180 732 ex
202 691 269 731 aure
286 673 399 732 sinistra
415 674 494 731 canis
511 673 602 731 omnis
618 670 737 731 dolores
751 672 855 731 sedare
868 671 1061 750 adalligatum.
1080 670 1164 729 lun-c

143 755 247 817 dicium
266 759 294 815 in
311 758 431 832 augurio
447 754 573 815 vitalium
589 754 710 832 habeut,
733 773 797 815 nam
816 757 842 814 si
863 773 955 832 aeger
976 757 1003 814 ei
1019 771 1141 833 respon·

142 841 208 900 deat
224 841 273 918 qui
287 840 414 899 intulerit
435 857 452 898 a
469 838 589 918 pedibus
607 839 691 898 stanti
706 840 953 916 interrogantique
974 838 1010 898 de
1025 837 1140 913 morbo,

142 942 224 1004 spem
246 923 323 982 vitae
341 932 448 983 certam
470 941 555 1000 esse,
576 923 743 982 moriturum
766 923 835 982 nihil
857 921 1050 1001 respondere.
1082 921 1140 980 adi·

141 1010 218 1067 ciunt
235 1015 264 1066 ut
280 1005 422 1067 evellatur
437 1025 475 1066 ex
490 1024 559 1066 aure
575 1006 659 1066 laeva
676 1008 754 1066 canis
772 1008 816 1066 cui
831 1023 888 1065 non
911 1008 948 1065 sit
969 1005 1042 1065 alius
1057 1023 1142 1083 quarn

98 1101 134 1156 84
144 1092 228 1168 niger
243 1090 337 1150 colos.
363 1090 495 1167 Nigidius
509 1090 613 1167 lugere
625 1099 687 1150 toto
703 1090 749 1150 dic
765 1108 854 1151 canes
871 1099 1061 1168 conspectum
1079 1091 1140 1147 elus
1152 1101 1173 1142 m

143 1177 191 1252 qui
207 1193 223 1233 e
245 1193 297 1235 sue
313 1173 342 1234 id
358 1175 461 1236 animal
477 1175 611 1235 evellerit
629 1177 766 1254 scripturn
781 1173 907 1252 reliquit.
943 1191 1043 1232 rursus
1062 1172 1141 1248 Magi

142 1258 256 1319 tradunt
272 1259 437 1338 lymphatos
452 1260 600 1336 sanguinis
618 1258 715 1338 talpae
727 1259 868 1336 adspersu
881 1258 1072 1334 resipiscere,
1090 1273 1141 1316 eos

140 1338 212 1403 uero
229 1345 276 1421 qui
292 1363 309 1405 a
324 1344 471 1404 nocturnis
486 1342 530 1402 dis
544 1342 710 1421 Faunisque
725 1345 868 1419 agitentur
888 1339 1024 1400 draconis
1043 1338 1141 1416 lingna

142 1437 171 1487 et
187 1429 280 1488 oculis
298 1436 327 1486 et
341 1427 412 1487 felle
427 1428 627 1505 intestinisque
639 1429 668 1486 in
682 1428 749 1486 rino
762 1435 791 1485 et
808 1426 875 1484 oleo
888 1423 1019 1484 decoctis
1034 1441 1069 1484 ac
1089 1421 1140 1484 sub

140 1510 186 1653 dip
203 1521 291 1571 nocte
305 1512 485 1589 refrigeratis
501 1510 738 1590 perunctionibus
750 1511 892 1573 matutinis
907 1513 1141 1592 vespertinisque
1150 1523 1173 1576 tt

140 1595 159 1653 li
182 1597 268 1655 erari.
765 1634 768 1639 -

99 1687 133 1742 85
201 1677 286 1756 (25.)
309 1678 545 1739 Perfrictionibus
572 1679 701 1739 remedio
724 1698 791 1739 esse
815 1679 901 1740 tradit
914 1678 1062 1739 Nicander
1084 1696 1142 1739 arn·

140 1760 328 1839 phisbaenam
347 1771 513 1840 serpentem
530 1772 669 1823 mortuam
687 1762 869 1840 adalligatam
887 1765 934 1824 vel
954 1762 1063 1842 pellem
1084 1771 1142 1822 tau·

140 1854 198 1904 tum
216 1846 288 1921 eius,
305 1847 472 1923 quinimmo
488 1846 584 1906 arbori
607 1864 681 1925 quae
699 1847 836 1907 caedatur
853 1847 1009 1924 adalligata
1024 1863 1083 1905 non
1103 1845 1142 1904 al·

139 1946 213 2005 gere
230 1929 377 1989 caedentis
392 1929 566 2009 faciliusque
582 1929 744 1991 succidere.
775 1932 872 2008 itaque
887 1931 951 1991 sola
966 1930 1174 2008 serpentinum

141 2014 244 2090 lrigori
262 2032 295 2073 se
313 2014 461 2090 conmittit,
479 2017 570 2094 prima
590 2016 714 2074 omnium
730 2013 896 2093 procedens
920 2022 949 2073 et
965 2022 1032 2073 ante
1050 2013 1144 2073 cuculi

142 2107 264 2157 cantum.
294 2096 372 2157 aliud
398 2106 443 2156 est
467 2100 570 2158 cuculo
592 2099 775 2175 miraculum,
799 2116 855 2176 quo
878 2099 942 2176 quis
964 2097 1032 2157 loco
1050 2098 1142 2174 primo

141 2181 237 2241 audiat
254 2181 350 2240 alitem
361 2180 440 2240 illam
452 2183 476 2241 sl
492 2181 595 2241 dexter
610 2200 663 2260 pes
680 2181 931 2242 circumscribatur
942 2198 977 2242 ac
990 2181 1144 2257 vestigium

140 2263 168 2323 id
185 2263 349 2340 effodiatur,
369 2281 427 2323 non
444 2267 525 2342 gigni
541 2266 654 2344 pulices
670 2266 843 2343 ubicumque
858 2273 1022 2343 spargatur.

97 2359 132 2414 86
196 2347 279 2428 (26.)
303 2347 462 2422 Paralysim
483 2349 653 2410 carentibus
678 2351 795 2428 pinguia
825 2350 939 2426 glirium
960 2347 1085 2427 decocta
1114 2355 1173 2406 etat

109 2434 269 2493 nasonicum
283 2432 432 2492 utilissima
450 2451 517 2493 esse
535 2433 663 2509 tradunt,
686 2432 837 2511 milipedas
852 2443 883 2492 ut
901 2435 930 2492 in
949 2433 1055 2508 angina
1071 2430 1142 2491 dixi·

140 2534 202 2577 mus
211 2520 295 2595 potas
308 2516 442 2595 phthisim
456 2518 655 2592 sentientibus,
668 2519 808 2578 lacertum
816 2518 937 2577 viridem
949 2515 1103 2575 decoctum
1115 2516 1143 2573 in

139 2602 198 2660 vini
213 2602 349 2661 sextariis
367 2603 459 2662 tribus
480 2602 515 2663 ad
534 2602 667 2678 cyathum
684 2620 785 2676 unum,
814 2600 936 2677 singulis
959 2598 1144 2658 coclearibus

140 2687 261 2764 sumptis
277 2703 332 2764 per
347 2685 410 2747 dies
425 2686 521 2747 donec
533 2687 749 2760 convalescant,
768 2684 933 2745 coclearum
946 2685 1073 2743 cinerem
1092 2699 1143 2762 po-

97 2777 129 2837 87
143 2778 201 2831 tum
216 2770 245 2828 in
260 2771 337 2829 vino.
362 2769 446 2850 (27.)
463 2769 652 2830 comitialibus
667 2768 777 2829 morbis
792 2785 932 2848 oesypum
948 2785 1011 2826 cnm
1029 2778 1174 2826 mumaean

141 2862 286 2914 momento
309 2855 416 2912 etvini
439 2855 549 2929 cyathis
571 2853 684 2913 duobus
705 2852 822 2912 dilutum
844 2850 1037 2929 magnitudine
1062 2850 1144 2910 nucis

141 2937 312 3014 abellanae,
335 2936 485 2997 abalineo
500 2946 615 3016 potum,
638 2936 792 2997 testiculos
811 2936 948 2996 arietinos
964 2936 1144 2995 inveteratos

140 3024 284 3099 tritosque
308 3019 423 3079 dimidio
446 3021 545 3081 denari
566 3020 699 3100 pondere
724 3022 752 3079 in
770 3037 844 3099 aqua
864 3019 913 3078 vel
935 3018 1020 3078 lactis
1039 3016 1143 3077 asinini

140 3107 264 3168 hemina.
297 3103 476 3164 interdicitur
494 3105 552 3163 vini
568 3114 654 3183 potus
670 3106 763 3182 quinis
780 3104 882 3164 diebus
898 3111 964 3163 ante
981 3110 1010 3162 et
1028 3110 1142 3180 postea.

97 3201 132 3256 88
144 3191 297 3267 magnifice
314 3189 445 3250 laudatur
461 3196 490 3248 et
510 3190 628 3264 sanguis
646 3188 787 3267 pecudum
804 3197 907 3266 potus,
930 3186 997 3246 item
1017 3185 1059 3245 fel
1081 3195 1175 3245 cumas

138 3274 243 3352 melle,
266 3276 424 3354 praecipue
443 3273 592 3350 agninum,
618 3273 728 3333 catulus
747 3272 858 3332 lactens
880 3278 1010 3348 sumptus
1026 3268 1143 3329 absciso

140 3361 236 3437 capite
252 3358 434 3437 pedibusque
451 3376 489 3417 ex
504 3359 570 3417 vino
588 3366 617 3418 et
633 3375 744 3434 murra,
772 3355 868 3415 lichen
890 3354 984 3413 mulae
1004 3361 1092 3432 potus
1115 3353 1144 3409 in

140 3443 296 3518 oxymelite
314 3443 424 3518 cyathis
440 3440 547 3519 tribus,
568 3441 700 3502 stelionis
716 3438 895 3500 transmarini
910 3437 983 3498 cinis
1005 3445 1092 3515 potus
1115 3436 1144 3494 in
