2400 3840
121 172 162 251 (11)
446 201 589 250 111111
608 199 757 250 1111111111
811 171 815 179 ’

78 353 233 418 1181111111.
264 351 457 434 Hippocrates
479 364 509 415 et
531 355 657 416 radicem
680 356 772 435 ipsum
793 353 934 432 adposuit.
966 353 1062 414 dicunt
1084 363 1115 415 et

120 439 149 496 iu
169 437 337 516 pestilentia
357 438 512 500 salutarem
530 458 599 500 essa
620 439 650 498 in
667 439 749 498 cibis.
791 437 963 498 ebrietatem
985 438 1112 498 discutit.

121 521 268 598 serpentis
286 520 407 598 nidore,
424 539 487 581 cum
502 531 660 598 crematur,
677 522 810 600 priuatim
824 520 938 599 aspidas
962 520 1043 597 lugat
1065 528 1113 580 ant

121 603 246 664 inebriat
279 606 319 664 ita
344 611 375 663 11
401 598 553 683 torpentes
581 605 770 665 inveniantur.
808 612 966 682 perunctos
996 620 1113 682 quoque

121 685 173 746 aro
190 704 207 767 o
225 687 326 748 laureo
341 686 410 747 oleo
426 687 546 766 lugiunt.
578 686 647 749 ideo
663 696 693 749 ct
714 694 815 748 contra
826 688 900 746 ictus
920 685 981 759 dari
996 688 1026 745 in
1043 686 1138 746 vinos

121 770 206 913 nigpo
237 778 338 848 putant
375 770 454 831 utile.
487 772 517 831 in
549 770 629 831 loliis
649 772 691 831 ari
718 788 820 831 caseus
854 777 972 848 optume
1000 771 1112 829 servari

125 861 168 912 tra
189 853 254 911 itur.

81 945 132 1000 149
194 933 275 1014 (93.)
304 936 501 998 Dracunculus
524 954 610 1016 quem
629 937 689 997 dixi
712 933 824 1006 hordeo
839 939 1055 995 maturescente
1071 935 1113 995 ei·

81 1014 116 1052 ¹⁴²
125 1016 234 1077 foditur
249 1017 316 1079 1111
333 1029 497 1081 crescente.
517 1023 632 1080 omnino
649 1020 803 1080 habentem
818 1027 974 1096 serpentes
990 1018 1111 1095 lugiunt.

123 1098 197 1160 adeo
215 1103 364 1179 percussis
380 1104 524 1182 prodesse
539 1111 639 1183 potum
655 1105 743 1179 aiunt,
764 1103 873 1162 maiore
894 1102 923 1160 vi
940 1103 969 1161 iu
983 1118 1148 1178 menses,1o

123 1184 148 1243 si
163 1182 244 1244 ierro
261 1195 319 1247 nou
335 1188 499 1265 attingatur.
532 1205 617 1247 sucus
640 1188 703 1247 cius
724 1193 754 1246 11
776 1186 885 1245 aurium
909 1183 1004 1243 dolori
1026 1183 1113 1261 prod·

83 1277 136 1330 150
146 1275 200 1326 est.
230 1267 260 1329 id
273 1278 369 1330 autern
384 1270 461 1348 qnod
478 1268 580 1331 Graeci
596 1269 879 1330 dracontionvucant
890 1266 997 1345 triplici
1013 1266 1112 1343 siligio

125 1350 349 1412 demonstratum
363 1353 430 1414 milri
448 1362 510 1430 est,
529 1353 607 1414 loliis
624 1353 725 1427 betae,
746 1360 804 1412 non
820 1352 883 1410 sine
900 1349 1017 1425 thyrso,
1038 1348 1114 1409 licre

125 1446 290 1512 purpureo,
313 1435 370 1501 hoc
392 1444 439 1497 est
459 1436 552 1497 simile
574 1452 634 1497 aro.
667 1435 715 1495 alii
737 1434 833 1495 radice
854 1432 941 1510 longa
961 1431 1052 1492 veluti
1075 1433 1113 1492 si·

126 1525 211 1593 gnata
232 1519 446 1598 articulosaque
461 1528 677 1594 monstravere,
693 1518 783 1577 tribus
810 1518 924 1577 omnino
953 1515 1112 1593 cauliculis,
1124 1533 1149 1575 aa

125 1599 196 1659 iulia
211 1599 333 1679 decoqui
351 1620 389 1661 ex
403 1611 487 1663 aceto
499 1608 600 1662 contra
615 1602 793 1679 serpentium
804 1601 878 1660 ictus
891 1599 1035 1659 iubentes.
1056 1605 1115 1658 ter-

126 1683 164 1740 tia
177 1682 385 1744 demonstratio
397 1685 451 1745 fuit
462 1684 534 1746 iulio
547 1686 657 1745 maiore
667 1700 750 1762 quam
762 1700 879 1760 cornus,
895 1682 1000 1742 radicis
1013 1680 1115 1741 111111-

127 1763 247 1842 dineac,
264 1766 395 1844 totidem,
411 1775 442 1826 ut
456 1767 657 1847 adfirmabant,
671 1765 852 1844 geniculatae
868 1766 952 1826 nodis
973 1772 1045 1843 quot
1066 1764 1114 1823 ba-

126 1844 211 1907 beret
235 1854 342 1927 annos,
369 1849 546 1928 totidemque
572 1869 640 1912 esse
662 1849 742 1910 folia.
771 1849 800 1908 hi
824 1867 862 1908 ex
881 1849 950 1908 vino
971 1847 1019 1906 vel
1039 1864 1113 1925 aqua

49 1944 51 1947 ’
127 1938 227 1991 contra
243 1935 390 2011 serpentis
405 1928 516 1994 dabant.
1122 1953 1150 1994 tt

85 2021 134 2076 lei
198 2015 278 2094 (94.)
315 2015 369 2077 Est
395 2025 426 2078 et
454 2018 512 2077 aris
536 2034 609 2095 quae
637 2017 666 2077 in
689 2015 790 2077 eadem
811 2015 950 2092 Aegypto
975 2014 1113 2090 nascitur,

128 2099 229 2157 similis
258 2105 326 2176 aro,
356 2102 449 2160 minor
467 2108 574 2160 tantum
600 2100 816 2176 minoribusque
846 2097 926 2157 iuliis
956 2104 986 2155 et
1013 2097 1113 2176 utique

131 2180 245 2257 radice,
271 2198 345 2259 quae
371 2192 464 2243 tamen
485 2182 581 2243 olivae
606 2183 721 2261 grandis
749 2179 972 2258 magnitudinem
991 2177 1114 2257 inpleat,

126 2262 192 2323 alba
206 2267 350 2342 geminum
365 2265 486 2345 caulem,
499 2267 590 2326 altera
605 2280 689 2326 unum
711 2272 817 2324 tanturn
844 2266 987 2324 emittens.
1016 2259 1114 2320 made*

27 2383 28 2386 =
125 2352 172 2405 tur
188 2355 309 2425 utraque
325 2348 471 2408 ulceribus
488 2349 682 2425 manantibus,
697 2350 767 2409 item
783 2347 940 2407 combustis
961 2363 994 2404 ac
1009 2343 1148 2403 1111111111

126 2428 249 2505 collyrio
281 2432 410 2491 inmisso.
455 2449 553 2492 nomas
584 2434 688 2492 sistunt
718 2431 900 2491 decoctarum
929 2431 958 2488 in
984 2443 1057 2505 aqua
1084 2435 1115 2486 et

126 2521 229 2588 postea
250 2515 379 2574 tritarum
394 2528 518 2576 rosaceo
536 2515 644 2592 addito,
661 2514 712 2576 sed
736 2532 820 2574 unum
832 2512 996 2572 miraculum
1010 2512 1113 2586 ingens

126 2602 261 2658 contacto
288 2594 408 2674 genitali
435 2600 572 2678 cuiusque
597 2599 726 2660 feminini
755 2614 843 2657 sexus
870 2594 971 2654 animal
994 2595 1023 2652 in
1047 2605 1114 2671 pat·

126 2680 230 2738 niciam
245 2682 301 2757 agi.
1135 2747 1147 2763 ·

84 2768 136 2824 15⁴2
197 2762 277 2842 (95.)
308 2763 542 2845 llyriophyllon,
576 2764 652 2840 quod
677 2764 770 2824 nostri
803 2762 963 2822 milifolium
995 2766 1149 2836 vocant,ao

127 2845 215 2903 caulis
238 2854 283 2905 est
301 2854 396 2925 tener,
414 2846 513 2907 similis
528 2847 657 2923 feniculi,
673 2846 810 2925 plurumis
826 2840 917 2921 iuliis,
931 2842 1050 2924 undeet
1063 2860 1114 2902 no·

126 2943 191 2986 men
208 2931 329 3006 accepit.
357 2932 484 2988 nascitur
498 2931 528 2987 in
540 2929 732 3006 palustribus,
746 2929 888 3008 magnifici
907 2944 975 2987 usus
996 2926 1032 2986 ad
1052 2925 1113 2986 vol·

128 3027 197 3069 nera
213 3029 275 3070 cum
300 3019 393 3072 aceto.
425 3012 534 3071 bibitur
559 3011 594 3071 ad
616 3011 799 3072 difficultates
822 3014 923 3072 urinae
944 3017 975 3070 et
995 3012 1113 3070 vesicae

127 3099 174 3150 unt
189 3095 313 3173 suspiria
329 3096 585 3173 praecipitatisque
602 3112 640 3155 ex
654 3095 724 3155 alto.
751 3096 852 3169 eadem
867 3095 1066 3155 eiiicucissima
1077 3090 1113 3151 ad

127 3174 251 3236 dentium
263 3176 390 3237 dolores.
407 3177 522 3237 Etruria
537 3178 716 3240 hocuomiue
732 3179 859 3257 appellat
873 3177 992 3237 berham
1005 3178 1034 3238 in
1049 3191 1147 3255 pra-as

127 3259 164 3318 tis
180 3267 295 3321 tenuem
319 3278 336 3320 a
356 3260 497 3320 lateribus
519 3261 710 3339 capillamenti
733 3261 819 3321 modo
839 3259 990 3335 ioliosam,
1014 3258 1112 3320 eximii

126 3361 194 3402 usus
212 3343 248 3405 ad
266 3343 404 3422 volnera,
426 3343 512 3405 boum
530 3362 638 3405 nervos
650 3343 782 3404 abscisos
803 3359 923 3403 vomere
943 3343 1061 3404 solidari
1077 3358 1113 3402 ea

125 3443 283 3505 rursusque
297 3429 377 3505 iungi
392 3426 486 3487 addita
501 3428 625 3504 axungia
639 3427 788 3487 adfirmans
