<?xml version="1.0" encoding="UTF-8"?>
<!DOCTYPE html PUBLIC "-//W3C//DTD XHTML 1.0 Transitional//EN"
    "http://www.w3.org/TR/xhtml1/DTD/xhtml1-transitional.dtd">
<html xmlns="http://www.w3.org/1999/xhtml" xml:lang="en" lang="en">
 <head>
  <title>
</title>
<meta http-equiv="Content-Type" content="text/html;charset=utf-8" />
  <meta name='ocr-system' content='tesseract 3.04.00' />
  <meta name='ocr-capabilities' content='ocr_page ocr_carea ocr_par ocr_line ocrx_word'/>
</head>
<body>
  <div class='ocr_page' id='page_1' title='image "./cplinisecundina06plingoog_0096.png"; bbox 0 0 2400 3840; ppageno 0'>
   <div class='ocr_carea' id='block_1_1' title="bbox 281 187 1058 266">
    <p class='ocr_par' dir='ltr' id='par_1_1' title="bbox 281 187 1058 266">
     <span class='ocr_line' id='line_1_1' title="bbox 281 187 1058 266; baseline 0.006 -21"><span class='ocrx_word' id='word_1_1' title='bbox 281 197 361 245; x_wconf 81' lang='lat' dir='ltr'>nan.</span> <span class='ocrx_word' id='word_1_2' title='bbox 378 195 470 247; x_wconf 81' lang='lat' dir='ltr'>assu.</span> <span class='ocrx_word' id='word_1_3' title='bbox 485 197 585 244; x_wconf 83' lang='lat' dir='ltr'>xxm.</span> <span class='ocrx_word' id='word_1_4' title='bbox 602 195 686 251; x_wconf 74' lang='lat' dir='ltr'>a-o</span> <span class='ocrx_word' id='word_1_5' title='bbox 706 187 860 266; x_wconf 80' lang='lat' dir='ltr'>(ao—so.)</span> <span class='ocrx_word' id='word_1_6' title='bbox 1023 192 1058 252; x_wconf 78' lang='lat' dir='ltr'>tt</span> 
     </span>
    </p>
   </div>
   <div class='ocr_carea' id='block_1_2' title="bbox 11 351 1066 517">
    <p class='ocr_par' dir='ltr' id='par_1_2' title="bbox 11 351 1066 517">
     <span class='ocr_line' id='line_1_2' title="bbox 23 351 1066 449; baseline 0.005 -36"><span class='ocrx_word' id='word_1_7' title='bbox 23 382 31 449; x_wconf 72' lang='lat' dir='ltr'>p</span> <span class='ocrx_word' id='word_1_8' title='bbox 62 354 111 415; x_wconf 84' lang='lat' dir='ltr'>tria</span> <span class='ocrx_word' id='word_1_9' title='bbox 139 352 295 427; x_wconf 78' lang='lat' dir='ltr'>ductiones</span> <span class='ocrx_word' id='word_1_10' title='bbox 321 352 399 411; x_wconf 87' lang='lat' dir='ltr'>sistit</span> <span class='ocrx_word' id='word_1_11' title='bbox 420 351 570 412; x_wconf 83' lang='lat' dir='ltr'>decoctum</span> <span class='ocrx_word' id='word_1_12' title='bbox 593 353 664 413; x_wconf 89' lang='lat' dir='ltr'>eius.</span> <span class='ocrx_word' id='word_1_13' title='bbox 703 356 773 414; x_wconf 85' lang='lat' dir='ltr'>item</span> <span class='ocrx_word' id='word_1_14' title='bbox 794 357 866 416; x_wconf 90' lang='lat' dir='ltr'>einis</span> <span class='ocrx_word' id='word_1_15' title='bbox 887 357 923 418; x_wconf 88' lang='lat' dir='ltr'>ad</span> <span class='ocrx_word' id='word_1_16' title='bbox 943 359 1066 418; x_wconf 86' lang='lat' dir='ltr'>tormina</span> 
     </span>
     <span class='ocr_line' id='line_1_3' title="bbox 11 435 926 517; baseline 0.002 -19"><span class='ocrx_word' id='word_1_17' title='bbox 11 440 14 449; x_wconf 86' lang='lat'>&#39;</span> <span class='ocrx_word' id='word_1_18' title='bbox 61 444 148 517; x_wconf 88' lang='lat' dir='ltr'>potus</span> <span class='ocrx_word' id='word_1_19' title='bbox 166 439 197 497; x_wconf 90' lang='lat' dir='ltr'>in</span> <span class='ocrx_word' id='word_1_20' title='bbox 211 438 280 496; x_wconf 80' lang='lat' dir='ltr'>vino</span> <span class='ocrx_word' id='word_1_21' title='bbox 297 435 381 511; x_wconf 88' lang='lat' dir='ltr'>albo,</span> <span class='ocrx_word' id='word_1_22' title='bbox 398 437 427 494; x_wconf 89' lang='lat' dir='ltr'>in</span> <span class='ocrx_word' id='word_1_23' title='bbox 441 435 590 497; x_wconf 87' lang='lat' dir='ltr'>volvarum</span> <span class='ocrx_word' id='word_1_24' title='bbox 604 439 683 498; x_wconf 89' lang='lat' dir='ltr'>vitiis</span> <span class='ocrx_word' id='word_1_25' title='bbox 701 439 926 500; x_wconf 84' lang='lat' dir='ltr'>efficacissimus.</span> 
     </span>
    </p>
   </div>
   <div class='ocr_carea' id='block_1_3' title="bbox 10 547 1108 798">
    <p class='ocr_par' dir='ltr' id='par_1_3' title="bbox 10 547 1108 798">
     <span class='ocr_line' id='line_1_4' title="bbox 120 547 1108 629; baseline 0.004 -21"><span class='ocrx_word' id='word_1_26' title='bbox 120 552 151 615; x_wconf 82' lang='lat'>6.</span> <span class='ocrx_word' id='word_1_27' title='bbox 189 549 272 628; x_wconf 87' lang='grc'>(54.)</span> <span class='ocrx_word' id='word_1_28' title='bbox 299 547 460 609; x_wconf 83' lang='lat' dir='ltr'>Proxumae</span> <span class='ocrx_word' id='word_1_29' title='bbox 488 551 645 610; x_wconf 87' lang='lat' dir='ltr'>varietates</span> <span class='ocrx_word' id='word_1_30' title='bbox 674 570 814 629; x_wconf 83' lang='lat' dir='ltr'><strong>generum</strong></span> <span class='ocrx_word' id='word_1_31' title='bbox 841 553 1045 612; x_wconf 88' lang='lat' dir='ltr'>medicinarum</span> <span class='ocrx_word' id='word_1_32' title='bbox 1056 565 1108 618; x_wconf 88' lang='lat' dir='ltr'>loo</span> 
     </span>
     <span class='ocr_line' id='line_1_5' title="bbox 63 630 1065 718; baseline -0.002 -20"><span class='ocrx_word' id='word_1_33' title='bbox 63 654 139 718; x_wconf 74' lang='lat' dir='ltr'>puae</span> <span class='ocrx_word' id='word_1_34' title='bbox 153 632 228 694; x_wconf 86' lang='lat' dir='ltr'>mala</span> <span class='ocrx_word' id='word_1_35' title='bbox 243 630 359 692; x_wconf 89' lang='lat' dir='ltr'>hahent.</span> <span class='ocrx_word' id='word_1_36' title='bbox 387 630 433 691; x_wconf 81' lang='lat' dir='ltr'>Ex</span> <span class='ocrx_word' id='word_1_37' title='bbox 448 632 492 694; x_wconf 88' lang='lat' dir='ltr'>his</span> <span class='ocrx_word' id='word_1_38' title='bbox 512 651 600 695; x_wconf 85' lang='lat' dir='ltr'>verna</span> <span class='ocrx_word' id='word_1_39' title='bbox 616 635 722 697; x_wconf 90' lang='lat' dir='ltr'>acerba</span> <span class='ocrx_word' id='word_1_40' title='bbox 741 645 771 696; x_wconf 92' lang='lat' dir='ltr'>et</span> <span class='ocrx_word' id='word_1_41' title='bbox 789 635 938 697; x_wconf 78' lang='lat' dir='ltr'>stomacho</span> <span class='ocrx_word' id='word_1_42' title='bbox 953 637 1065 696; x_wconf 89' lang='lat' dir='ltr'>inutilia</span> 
     </span>
     <span class='ocr_line' id='line_1_6' title="bbox 10 715 1066 798; baseline 0 -17"><span class='ocrx_word' id='word_1_43' title='bbox 10 776 12 781; x_wconf 90' lang='lat'><em>.</em></span> <span class='ocrx_word' id='word_1_44' title='bbox 43 728 145 798; x_wconf 78' lang='lat' dir='ltr'>esunt,</span> <span class='ocrx_word' id='word_1_45' title='bbox 173 715 285 793; x_wconf 82' lang='lat' dir='ltr'>alvom,</span> <span class='ocrx_word' id='word_1_46' title='bbox 306 718 433 776; x_wconf 81' lang='lat' dir='ltr'>vesicam</span> <span class='ocrx_word' id='word_1_47' title='bbox 455 719 667 797; x_wconf 79' lang='lat' dir='ltr'>circumagunt,</span> <span class='ocrx_word' id='word_1_48' title='bbox 696 737 803 780; x_wconf 89' lang='lat' dir='ltr'>nervos</span> <span class='ocrx_word' id='word_1_49' title='bbox 828 719 960 798; x_wconf 88' lang='lat' dir='ltr'>laedunt,</span> <span class='ocrx_word' id='word_1_50' title='bbox 982 730 1066 781; x_wconf 88' lang='lat' dir='ltr'>cocta</span> 
     </span>
    </p>
   </div>
   <div class='ocr_carea' id='block_1_4' title="bbox 32 797 1109 2794">
    <p class='ocr_par' dir='ltr' id='par_1_4' title="bbox 32 797 1109 2794">
     <span class='ocr_line' id='line_1_7' title="bbox 60 797 1066 882; baseline -0.002 -16"><span class='ocrx_word' id='word_1_51' title='bbox 60 805 192 866; x_wconf 83' lang='lat' dir='ltr'>meliora.</span> <span class='ocrx_word' id='word_1_52' title='bbox 225 797 358 861; x_wconf 77' lang='lat' dir='ltr'>Cotonea</span> <span class='ocrx_word' id='word_1_53' title='bbox 380 807 463 861; x_wconf 89' lang='lat' dir='ltr'>cocta</span> <span class='ocrx_word' id='word_1_54' title='bbox 486 803 639 880; x_wconf 81' lang='lat' dir='ltr'><strong>suaviora,</strong></span> <span class='ocrx_word' id='word_1_55' title='bbox 672 803 761 864; x_wconf 88' lang='lat' dir='ltr'>cruda</span> <span class='ocrx_word' id='word_1_56' title='bbox 783 812 894 882; x_wconf 89' lang='lat' dir='ltr'>tamen,</span> <span class='ocrx_word' id='word_1_57' title='bbox 920 805 1066 865; x_wconf 79' lang='lat' dir='ltr'><strong>dumtaxat</strong></span> 
     </span>
     <span class='ocr_line' id='line_1_8' title="bbox 59 888 1064 966; baseline -0.002 -16"><span class='ocrx_word' id='word_1_58' title='bbox 59 897 188 963; x_wconf 88' lang='lat' dir='ltr'>matura,</span> <span class='ocrx_word' id='word_1_59' title='bbox 215 893 338 964; x_wconf 77' lang='lat' dir='ltr'><strong>prosunt</strong></span> <span class='ocrx_word' id='word_1_60' title='bbox 364 888 532 963; x_wconf 78' lang='lat' dir='ltr'>sanguinem</span> <span class='ocrx_word' id='word_1_61' title='bbox 558 888 780 949; x_wconf 83' lang='lat' dir='ltr'>exscreantibus</span> <span class='ocrx_word' id='word_1_62' title='bbox 806 906 845 949; x_wconf 84' lang='lat' dir='ltr'>ac</span> <span class='ocrx_word' id='word_1_63' title='bbox 868 888 1064 966; x_wconf 74' lang='lat' dir='ltr'>dysintericis,</span> 
     </span>
     <span class='ocr_line' id='line_1_9' title="bbox 61 969 1065 1050; baseline -0.001 -17"><span class='ocrx_word' id='word_1_64' title='bbox 61 971 237 1046; x_wconf 79' lang='lat' dir='ltr'>cholericis,</span> <span class='ocrx_word' id='word_1_65' title='bbox 267 969 415 1030; x_wconf 89' lang='lat' dir='ltr'>coeliacis.</span> <span class='ocrx_word' id='word_1_66' title='bbox 450 988 509 1032; x_wconf 92' lang='lat' dir='ltr'>non</span> <span class='ocrx_word' id='word_1_67' title='bbox 524 971 600 1031; x_wconf 88' lang='lat' dir='ltr'>idem</span> <span class='ocrx_word' id='word_1_68' title='bbox 626 981 750 1050; x_wconf 89' lang='lat' dir='ltr'>possunt</span> <span class='ocrx_word' id='word_1_69' title='bbox 771 973 909 1049; x_wconf 89' lang='lat' dir='ltr'>decocta,</span> <span class='ocrx_word' id='word_1_70' title='bbox 932 975 1065 1050; x_wconf 89' lang='lat' dir='ltr'>quoniam</span> 
     </span>
     <span class='ocr_line' id='line_1_10' title="bbox 60 1053 1106 1136; baseline 0.001 -17"><span class='ocrx_word' id='word_1_71' title='bbox 60 1059 194 1119; x_wconf 83' lang='lat' dir='ltr'>amittunt</span> <span class='ocrx_word' id='word_1_72' title='bbox 208 1055 456 1131; x_wconf 72' lang='lat' dir='ltr'>constringentem</span> <span class='ocrx_word' id='word_1_73' title='bbox 472 1053 549 1114; x_wconf 91' lang='lat' dir='ltr'>illam</span> <span class='ocrx_word' id='word_1_74' title='bbox 562 1056 619 1115; x_wconf 86' lang='lat' dir='ltr'>vim</span> <span class='ocrx_word' id='word_1_75' title='bbox 628 1058 750 1132; x_wconf 83' lang='lat' dir='ltr'>suci,-</span> <span class='ocrx_word' id='word_1_76' title='bbox 764 1058 940 1136; x_wconf 89' lang='lat' dir='ltr'>inponuntur·</span> <span class='ocrx_word' id='word_1_77' title='bbox 952 1065 982 1116; x_wconf 87' lang='lat' dir='ltr'>et</span> <span class='ocrx_word' id='word_1_78' title='bbox 995 1069 1106 1136; x_wconf 87' lang='lat' dir='ltr'>pe·101</span> 
     </span>
     <span class='ocr_line' id='line_1_11' title="bbox 33 1137 1066 1220; baseline -0.004 -15"><span class='ocrx_word' id='word_1_79' title='bbox 33 1143 136 1205; x_wconf 85' lang='lat' dir='ltr'>toetori</span> <span class='ocrx_word' id='word_1_80' title='bbox 157 1141 189 1199; x_wconf 90' lang='lat' dir='ltr'>in</span> <span class='ocrx_word' id='word_1_81' title='bbox 210 1137 304 1199; x_wconf 81' lang='lat' dir='ltr'>ichris</span> <span class='ocrx_word' id='word_1_82' title='bbox 328 1138 497 1215; x_wconf 88' lang='lat' dir='ltr'>ardoribus,</span> <span class='ocrx_word' id='word_1_83' title='bbox 513 1172 556 1186; x_wconf 84' lang='lat'>-·-</span> <span class='ocrx_word' id='word_1_84' title='bbox 576 1148 606 1200; x_wconf 98' lang='lat' dir='ltr'>et</span> <span class='ocrx_word' id='word_1_85' title='bbox 628 1147 725 1200; x_wconf 85' lang='lat' dir='ltr'>tamen</span> <span class='ocrx_word' id='word_1_86' title='bbox 746 1140 923 1202; x_wconf 88' lang='lat' dir='ltr'>decocuntur</span> <span class='ocrx_word' id='word_1_87' title='bbox 947 1143 976 1200; x_wconf 89' lang='lat' dir='ltr'>in</span> <span class='ocrx_word' id='word_1_88' title='bbox 992 1160 1066 1220; x_wconf 89' lang='lat' dir='ltr'>aqua</span> 
     </span>
     <span class='ocr_line' id='line_1_12' title="bbox 61 1221 1065 1303; baseline -0.002 -16"><span class='ocrx_word' id='word_1_89' title='bbox 61 1225 184 1287; x_wconf 86' lang='lat' dir='ltr'>caelesti</span> <span class='ocrx_word' id='word_1_90' title='bbox 211 1223 246 1282; x_wconf 94' lang='lat' dir='ltr'>ad</span> <span class='ocrx_word' id='word_1_91' title='bbox 273 1221 373 1283; x_wconf 86' lang='lat' dir='ltr'>eadam</span> <span class='ocrx_word' id='word_1_92' title='bbox 402 1241 475 1300; x_wconf 87' lang='lat' dir='ltr'>quae</span> <span class='ocrx_word' id='word_1_93' title='bbox 505 1241 591 1302; x_wconf 87' lang='lat' dir='ltr'>supra</span> <span class='ocrx_word' id='word_1_94' title='bbox 617 1226 725 1303; x_wconf 86' lang='lat' dir='ltr'>scripta</span> <span class='ocrx_word' id='word_1_95' title='bbox 751 1234 834 1302; x_wconf 89' lang='lat' dir='ltr'>sunt,</span> <span class='ocrx_word' id='word_1_96' title='bbox 869 1224 903 1284; x_wconf 92' lang='lat' dir='ltr'>ad</span> <span class='ocrx_word' id='word_1_97' title='bbox 925 1226 1065 1285; x_wconf 83' lang='lat' dir='ltr'>stomachi</span> 
     </span>
     <span class='ocr_line' id='line_1_13' title="bbox 61 1306 1064 1387; baseline -0.002 -17"><span class='ocrx_word' id='word_1_98' title='bbox 61 1317 157 1370; x_wconf 87' lang='lat' dir='ltr'>autem</span> <span class='ocrx_word' id='word_1_99' title='bbox 186 1306 305 1368; x_wconf 87' lang='lat' dir='ltr'>dolores</span> <span class='ocrx_word' id='word_1_100' title='bbox 338 1306 425 1366; x_wconf 87' lang='lat' dir='ltr'>cruda</span> <span class='ocrx_word' id='word_1_101' title='bbox 455 1307 614 1368; x_wconf 84' lang='lat' dir='ltr'>decoctave</span> <span class='ocrx_word' id='word_1_102' title='bbox 646 1312 737 1368; x_wconf 88' lang='lat' dir='ltr'>cerati</span> <span class='ocrx_word' id='word_1_103' title='bbox 763 1309 849 1368; x_wconf 94' lang='lat' dir='ltr'>modo</span> <span class='ocrx_word' id='word_1_104' title='bbox 880 1310 1064 1387; x_wconf 86' lang='lat' dir='ltr'>inponuntur.</span> 
     </span>
     <span class='ocr_line' id='line_1_14' title="bbox 62 1390 1065 1470; baseline -0.001 -19"><span class='ocrx_word' id='word_1_105' title='bbox 62 1392 169 1470; x_wconf 80' lang='lat' dir='ltr'>lanugo</span> <span class='ocrx_word' id='word_1_106' title='bbox 185 1408 286 1452; x_wconf 88' lang='lat' dir='ltr'>eorum</span> <span class='ocrx_word' id='word_1_107' title='bbox 302 1390 493 1452; x_wconf 83' lang='lat' dir='ltr'>carbunculos</span> <span class='ocrx_word' id='word_1_108' title='bbox 510 1399 599 1451; x_wconf 87' lang='lat' dir='ltr'>sanat.</span> <span class='ocrx_word' id='word_1_109' title='bbox 630 1400 713 1452; x_wconf 87' lang='lat' dir='ltr'>cocta</span> <span class='ocrx_word' id='word_1_110' title='bbox 727 1394 757 1452; x_wconf 92' lang='lat' dir='ltr'>in</span> <span class='ocrx_word' id='word_1_111' title='bbox 772 1395 841 1451; x_wconf 86' lang='lat' dir='ltr'>vino</span> <span class='ocrx_word' id='word_1_112' title='bbox 859 1399 890 1452; x_wconf 86' lang='lat' dir='ltr'>et</span> <span class='ocrx_word' id='word_1_113' title='bbox 904 1392 986 1451; x_wconf 86' lang='lat' dir='ltr'>inlita</span> <span class='ocrx_word' id='word_1_114' title='bbox 1003 1411 1065 1452; x_wconf 90' lang='lat' dir='ltr'>cum</span> 
     </span>
     <span class='ocr_line' id='line_1_15' title="bbox 62 1474 1107 1555; baseline -0.005 -16"><span class='ocrx_word' id='word_1_115' title='bbox 62 1495 131 1539; x_wconf 88' lang='lat' dir='ltr'>cera</span> <span class='ocrx_word' id='word_1_116' title='bbox 147 1475 289 1555; x_wconf 82' lang='lat' dir='ltr'>alopeciis</span> <span class='ocrx_word' id='word_1_117' title='bbox 304 1474 439 1552; x_wconf 88' lang='lat' dir='ltr'>capillum</span> <span class='ocrx_word' id='word_1_118' title='bbox 453 1475 584 1536; x_wconf 89' lang='lat' dir='ltr'>reddunt.</span> <span class='ocrx_word' id='word_1_119' title='bbox 606 1492 680 1554; x_wconf 87' lang='lat' dir='ltr'>quae</span> <span class='ocrx_word' id='word_1_120' title='bbox 696 1494 734 1535; x_wconf 86' lang='lat' dir='ltr'>ex</span> <span class='ocrx_word' id='word_1_121' title='bbox 750 1475 794 1535; x_wconf 92' lang='lat' dir='ltr'>his</span> <span class='ocrx_word' id='word_1_122' title='bbox 811 1474 898 1535; x_wconf 84' lang='lat' dir='ltr'>cruda</span> <span class='ocrx_word' id='word_1_123' title='bbox 913 1476 942 1534; x_wconf 93' lang='lat' dir='ltr'>in</span> <span class='ocrx_word' id='word_1_124' title='bbox 956 1476 1044 1534; x_wconf 83' lang='lat' dir='ltr'>mella</span> <span class='ocrx_word' id='word_1_125' title='bbox 1057 1487 1107 1541; x_wconf 82' lang='lat'>102</span> 
     </span>
     <span class='ocr_line' id='line_1_16' title="bbox 33 1558 1066 1636; baseline -0.005 -13"><span class='ocrx_word' id='word_1_126' title='bbox 33 1560 224 1623; x_wconf 77' lang='lat' dir='ltr'>reconduntur</span> <span class='ocrx_word' id='word_1_127' title='bbox 240 1559 333 1619; x_wconf 84' lang='lat' dir='ltr'>alvom</span> <span class='ocrx_word' id='word_1_128' title='bbox 355 1568 489 1636; x_wconf 87' lang='lat' dir='ltr'>movent,</span> <span class='ocrx_word' id='word_1_129' title='bbox 517 1559 611 1620; x_wconf 87' lang='lat' dir='ltr'>mellis</span> <span class='ocrx_word' id='word_1_130' title='bbox 627 1568 722 1620; x_wconf 89' lang='lat' dir='ltr'>antem</span> <span class='ocrx_word' id='word_1_131' title='bbox 737 1561 870 1620; x_wconf 87' lang='lat' dir='ltr'>suavitati</span> <span class='ocrx_word' id='word_1_132' title='bbox 887 1558 1004 1618; x_wconf 90' lang='lat' dir='ltr'>multum</span> <span class='ocrx_word' id='word_1_133' title='bbox 1019 1558 1066 1618; x_wconf 91' lang='lat' dir='ltr'>ad-</span> 
     </span>
     <span class='ocr_line' id='line_1_17' title="bbox 62 1642 1066 1722; baseline -0.002 -16"><span class='ocrx_word' id='word_1_134' title='bbox 62 1647 170 1722; x_wconf 83' lang='lat' dir='ltr'>iciant,</span> <span class='ocrx_word' id='word_1_135' title='bbox 196 1642 404 1721; x_wconf 89' lang='lat' dir='ltr'>stomachoque</span> <span class='ocrx_word' id='word_1_136' title='bbox 426 1643 524 1703; x_wconf 88' lang='lat' dir='ltr'>utilius</span> <span class='ocrx_word' id='word_1_137' title='bbox 547 1643 575 1703; x_wconf 91' lang='lat' dir='ltr'>id</span> <span class='ocrx_word' id='word_1_138' title='bbox 594 1644 710 1704; x_wconf 86' lang='lat' dir='ltr'>iaciunt.</span> <span class='ocrx_word' id='word_1_139' title='bbox 746 1660 911 1722; x_wconf 81' lang='lat' dir='ltr'>quaerero</span> <span class='ocrx_word' id='word_1_140' title='bbox 932 1643 1066 1704; x_wconf 86' lang='lat' dir='ltr'>lomello</span> 
     </span>
     <span class='ocr_line' id='line_1_18' title="bbox 63 1726 1066 1804; baseline -0.004 -12"><span class='ocrx_word' id='word_1_141' title='bbox 63 1737 147 1792; x_wconf 84' lang='lat' dir='ltr'>cocta</span> <span class='ocrx_word' id='word_1_142' title='bbox 175 1727 335 1790; x_wconf 88' lang='lat' dir='ltr'>conduntur</span> <span class='ocrx_word' id='word_1_143' title='bbox 358 1727 471 1804; x_wconf 85' lang='lat' dir='ltr'>quidam</span> <span class='ocrx_word' id='word_1_144' title='bbox 496 1726 531 1786; x_wconf 93' lang='lat' dir='ltr'>ad</span> <span class='ocrx_word' id='word_1_145' title='bbox 557 1727 696 1788; x_wconf 85' lang='lat' dir='ltr'>stomachi</span> <span class='ocrx_word' id='word_1_146' title='bbox 716 1730 787 1788; x_wconf 82' lang='lat' dir='ltr'>vitia</span> <span class='ocrx_word' id='word_1_147' title='bbox 808 1730 874 1788; x_wconf 89' lang='lat' dir='ltr'>trita</span> <span class='ocrx_word' id='word_1_148' title='bbox 895 1745 958 1788; x_wconf 91' lang='lat' dir='ltr'>eum</span> <span class='ocrx_word' id='word_1_149' title='bbox 977 1745 1066 1788; x_wconf 89' lang='lat' dir='ltr'>rosae</span> 
     </span>
     <span class='ocr_line' id='line_1_19' title="bbox 62 1809 1066 1889; baseline -0.003 -15"><span class='ocrx_word' id='word_1_150' title='bbox 62 1813 143 1888; x_wconf 75' lang='lat' dir='ltr'>loliis</span> <span class='ocrx_word' id='word_1_151' title='bbox 159 1811 290 1873; x_wconf 85' lang='lat' dir='ltr'>decoctis</span> <span class='ocrx_word' id='word_1_152' title='bbox 306 1809 373 1870; x_wconf 90' lang='lat' dir='ltr'>dant</span> <span class='ocrx_word' id='word_1_153' title='bbox 388 1828 442 1889; x_wconf 93' lang='lat' dir='ltr'>pro</span> <span class='ocrx_word' id='word_1_154' title='bbox 456 1812 532 1872; x_wconf 88' lang='lat' dir='ltr'>cibo.</span> <span class='ocrx_word' id='word_1_155' title='bbox 550 1830 635 1874; x_wconf 86' lang='lat' dir='ltr'>sucus</span> <span class='ocrx_word' id='word_1_156' title='bbox 648 1811 800 1873; x_wconf 89' lang='lat' dir='ltr'>crudorum</span> <span class='ocrx_word' id='word_1_157' title='bbox 811 1811 949 1888; x_wconf 88' lang='lat' dir='ltr'>lienibus,</span> <span class='ocrx_word' id='word_1_158' title='bbox 968 1811 1066 1873; x_wconf 87' lang='lat' dir='ltr'>ortho-</span> 
     </span>
     <span class='ocr_line' id='line_1_20' title="bbox 63 1894 1065 1977; baseline -0.003 -19"><span class='ocrx_word' id='word_1_159' title='bbox 63 1897 196 1977; x_wconf 89' lang='lat' dir='ltr'>pnoicis,</span> <span class='ocrx_word' id='word_1_160' title='bbox 222 1894 389 1973; x_wconf 76' lang='lat' dir='ltr'>hydropicis</span> <span class='ocrx_word' id='word_1_161' title='bbox 416 1894 556 1973; x_wconf 88' lang='lat' dir='ltr'>prodest,</span> <span class='ocrx_word' id='word_1_162' title='bbox 581 1899 651 1956; x_wconf 89' lang='lat' dir='ltr'>item</span> <span class='ocrx_word' id='word_1_163' title='bbox 673 1898 817 1972; x_wconf 89' lang='lat' dir='ltr'>mammis,</span> <span class='ocrx_word' id='word_1_164' title='bbox 844 1894 1065 1973; x_wconf 74' lang='lat' dir='ltr'>condylomatis,</span> 
     </span>
     <span class='ocr_line' id='line_1_21' title="bbox 32 1978 1065 2056; baseline -0.003 -16"><span class='ocrx_word' id='word_1_165' title='bbox 32 1998 55 2040; x_wconf 81' lang='lat' dir='ltr'>ao</span> <span class='ocrx_word' id='word_1_166' title='bbox 65 1979 223 2056; x_wconf 77' lang='lat' dir='ltr'>varicibus,</span> <span class='ocrx_word' id='word_1_167' title='bbox 239 1978 294 2038; x_wconf 89' lang='lat' dir='ltr'>llos</span> <span class='ocrx_word' id='word_1_168' title='bbox 311 1987 341 2038; x_wconf 91' lang='lat' dir='ltr'>et</span> <span class='ocrx_word' id='word_1_169' title='bbox 358 1978 459 2038; x_wconf 87' lang='lat' dir='ltr'>viridis</span> <span class='ocrx_word' id='word_1_170' title='bbox 475 1988 506 2039; x_wconf 94' lang='lat' dir='ltr'>et</span> <span class='ocrx_word' id='word_1_171' title='bbox 518 1981 612 2040; x_wconf 89' lang='lat' dir='ltr'>siccus</span> <span class='ocrx_word' id='word_1_172' title='bbox 623 1979 890 2039; x_wconf 80' lang='lat' dir='ltr'>inflammationibus</span> <span class='ocrx_word' id='word_1_173' title='bbox 906 1978 1065 2056; x_wconf 88' lang='lat' dir='ltr'>oculorum,</span> 
     </span>
     <span class='ocr_line' id='line_1_22' title="bbox 64 2062 1109 2140; baseline -0.005 -15"><span class='ocrx_word' id='word_1_174' title='bbox 64 2062 318 2125; x_wconf 85' lang='lat' dir='ltr'>exscreationihus</span> <span class='ocrx_word' id='word_1_175' title='bbox 339 2065 505 2140; x_wconf 79' lang='lat' dir='ltr'>sanguinis,</span> <span class='ocrx_word' id='word_1_176' title='bbox 531 2062 679 2124; x_wconf 91' lang='lat' dir='ltr'>mensibus</span> <span class='ocrx_word' id='word_1_177' title='bbox 700 2063 860 2123; x_wconf 87' lang='lat' dir='ltr'>mulierum.</span> <span class='ocrx_word' id='word_1_178' title='bbox 898 2063 929 2121; x_wconf 89' lang='lat' dir='ltr'>lit</span> <span class='ocrx_word' id='word_1_179' title='bbox 956 2081 1042 2121; x_wconf 87' lang='lat' dir='ltr'>sucus</span> <span class='ocrx_word' id='word_1_180' title='bbox 1058 2076 1109 2128; x_wconf 82' lang='lat'>103</span> 
     </span>
     <span class='ocr_line' id='line_1_23' title="bbox 64 2146 1065 2223; baseline -0.002 -15"><span class='ocrx_word' id='word_1_181' title='bbox 64 2147 174 2209; x_wconf 85' lang='lat' dir='ltr'>axillis</span> <span class='ocrx_word' id='word_1_182' title='bbox 190 2147 266 2206; x_wconf 88' lang='lat' dir='ltr'>mitis</span> <span class='ocrx_word' id='word_1_183' title='bbox 281 2163 345 2206; x_wconf 90' lang='lat' dir='ltr'>oum</span> <span class='ocrx_word' id='word_1_184' title='bbox 361 2147 428 2206; x_wconf 84' lang='lat' dir='ltr'>aino</span> <span class='ocrx_word' id='word_1_185' title='bbox 441 2146 515 2207; x_wconf 88' lang='lat' dir='ltr'>dulci</span> <span class='ocrx_word' id='word_1_186' title='bbox 529 2149 632 2223; x_wconf 90' lang='lat' dir='ltr'>tunsis,</span> <span class='ocrx_word' id='word_1_187' title='bbox 648 2146 726 2207; x_wconf 91' lang='lat' dir='ltr'>utilis</span> <span class='ocrx_word' id='word_1_188' title='bbox 737 2147 875 2208; x_wconf 89' lang='lat' dir='ltr'>coeliacis</span> <span class='ocrx_word' id='word_1_189' title='bbox 888 2155 919 2206; x_wconf 91' lang='lat' dir='ltr'>et</span> <span class='ocrx_word' id='word_1_190' title='bbox 933 2148 1065 2206; x_wconf 88' lang='lat' dir='ltr'>iocineri.</span> 
     </span>
     <span class='ocr_line' id='line_1_24' title="bbox 64 2230 1068 2310; baseline -0.002 -18"><span class='ocrx_word' id='word_1_191' title='bbox 64 2232 190 2292; x_wconf 92' lang='lat' dir='ltr'>decocto</span> <span class='ocrx_word' id='word_1_192' title='bbox 203 2247 319 2310; x_wconf 87' lang='lat' dir='ltr'>quoque</span> <span class='ocrx_word' id='word_1_193' title='bbox 336 2247 437 2291; x_wconf 87' lang='lat' dir='ltr'>eornm</span> <span class='ocrx_word' id='word_1_194' title='bbox 450 2232 604 2308; x_wconf 79' lang='lat' dir='ltr'>tonantur,</span> <span class='ocrx_word' id='word_1_195' title='bbox 628 2233 653 2290; x_wconf 93' lang='lat' dir='ltr'>si</span> <span class='ocrx_word' id='word_1_196' title='bbox 670 2232 839 2310; x_wconf 86' lang='lat' dir='ltr'>procidant,</span> <span class='ocrx_word' id='word_1_197' title='bbox 858 2230 963 2290; x_wconf 88' lang='lat' dir='ltr'>volvae</span> <span class='ocrx_word' id='word_1_198' title='bbox 979 2239 1009 2290; x_wconf 90' lang='lat' dir='ltr'>et</span> <span class='ocrx_word' id='word_1_199' title='bbox 1026 2233 1068 2290; x_wconf 89' lang='lat' dir='ltr'>in-</span> 
     </span>
     <span class='ocr_line' id='line_1_25' title="bbox 65 2314 1109 2395; baseline -0.006 -20"><span class='ocrx_word' id='word_1_200' title='bbox 65 2324 193 2376; x_wconf 88' lang='lat' dir='ltr'>teranea.</span> <span class='ocrx_word' id='word_1_201' title='bbox 224 2314 255 2373; x_wconf 84' lang='lat' dir='ltr'>dt</span> <span class='ocrx_word' id='word_1_202' title='bbox 279 2320 310 2374; x_wconf 88' lang='lat' dir='ltr'>et</span> <span class='ocrx_word' id='word_1_203' title='bbox 332 2314 428 2375; x_wconf 85' lang='lat' dir='ltr'>oleum</span> <span class='ocrx_word' id='word_1_204' title='bbox 456 2334 494 2375; x_wconf 85' lang='lat' dir='ltr'>ax</span> <span class='ocrx_word' id='word_1_205' title='bbox 519 2314 563 2374; x_wconf 90' lang='lat' dir='ltr'>his</span> <span class='ocrx_word' id='word_1_206' title='bbox 584 2315 661 2395; x_wconf 86' lang='lat' dir='ltr'>quod</span> <span class='ocrx_word' id='word_1_207' title='bbox 686 2315 820 2375; x_wconf 86' lang='lat' dir='ltr'>melinum</span> <span class='ocrx_word' id='word_1_208' title='bbox 845 2315 1022 2391; x_wconf 80' lang='lat' dir='ltr'>vocavimus,</span> <span class='ocrx_word' id='word_1_209' title='bbox 1046 2335 1109 2378; x_wconf 69' lang='lat' dir='ltr'>ran</span> 
     </span>
     <span class='ocr_line' id='line_1_26' title="bbox 34 2398 1068 2478; baseline -0.001 -21"><span class='ocrx_word' id='word_1_210' title='bbox 34 2416 59 2458; x_wconf 82' lang='lat' dir='ltr'>an</span> <span class='ocrx_word' id='word_1_211' title='bbox 69 2400 207 2478; x_wconf 78' lang='lat' dir='ltr'>quotiens</span> <span class='ocrx_word' id='word_1_212' title='bbox 221 2415 279 2458; x_wconf 91' lang='lat' dir='ltr'>non</span> <span class='ocrx_word' id='word_1_213' title='bbox 296 2398 404 2458; x_wconf 85' lang='lat' dir='ltr'>inerint</span> <span class='ocrx_word' id='word_1_214' title='bbox 418 2399 447 2458; x_wconf 88' lang='lat' dir='ltr'>in</span> <span class='ocrx_word' id='word_1_215' title='bbox 463 2398 565 2458; x_wconf 90' lang='lat' dir='ltr'>umidis</span> <span class='ocrx_word' id='word_1_216' title='bbox 581 2407 654 2458; x_wconf 90' lang='lat' dir='ltr'>nata.</span> <span class='ocrx_word' id='word_1_217' title='bbox 687 2398 755 2459; x_wconf 90' lang='lat' dir='ltr'>ideo</span> <span class='ocrx_word' id='word_1_218' title='bbox 771 2398 923 2458; x_wconf 88' lang='lat' dir='ltr'>utilissima</span> <span class='ocrx_word' id='word_1_219' title='bbox 938 2416 1011 2476; x_wconf 90' lang='lat' dir='ltr'>quae</span> <span class='ocrx_word' id='word_1_220' title='bbox 1029 2416 1068 2457; x_wconf 85' lang='lat' dir='ltr'>ex</span> 
     </span>
     <span class='ocr_line' id='line_1_27' title="bbox 65 2480 1068 2559; baseline -0.003 -17"><span class='ocrx_word' id='word_1_221' title='bbox 65 2481 165 2544; x_wconf 80' lang='lat' dir='ltr'>Sicilia</span> <span class='ocrx_word' id='word_1_222' title='bbox 183 2484 313 2558; x_wconf 79' lang='lat' dir='ltr'>veniunt,</span> <span class='ocrx_word' id='word_1_223' title='bbox 328 2483 419 2542; x_wconf 90' lang='lat' dir='ltr'>minus</span> <span class='ocrx_word' id='word_1_224' title='bbox 435 2482 516 2542; x_wconf 89' lang='lat' dir='ltr'>utilia</span> <span class='ocrx_word' id='word_1_225' title='bbox 530 2482 662 2558; x_wconf 88' lang='lat' dir='ltr'>struthia,</span> <span class='ocrx_word' id='word_1_226' title='bbox 679 2484 807 2559; x_wconf 89' lang='lat' dir='ltr'>quamvis</span> <span class='ocrx_word' id='word_1_227' title='bbox 824 2490 955 2559; x_wconf 85' lang='lat' dir='ltr'>cognata.</span> <span class='ocrx_word' id='word_1_228' title='bbox 985 2480 1068 2540; x_wconf 88' lang='lat' dir='ltr'>radix</span> 
     </span>
     <span class='ocr_line' id='line_1_28' title="bbox 66 2564 1067 2644; baseline -0.005 -18"><span class='ocrx_word' id='word_1_229' title='bbox 66 2582 167 2627; x_wconf 84' lang='lat' dir='ltr'>eorum</span> <span class='ocrx_word' id='word_1_230' title='bbox 191 2567 407 2644; x_wconf 88' lang='lat' dir='ltr'>circumscripta</span> <span class='ocrx_word' id='word_1_231' title='bbox 426 2575 505 2626; x_wconf 89' lang='lat' dir='ltr'>terra</span> <span class='ocrx_word' id='word_1_232' title='bbox 526 2583 609 2624; x_wconf 89' lang='lat' dir='ltr'>manu</span> <span class='ocrx_word' id='word_1_233' title='bbox 629 2567 747 2625; x_wconf 89' lang='lat' dir='ltr'>sinistra</span> <span class='ocrx_word' id='word_1_234' title='bbox 762 2566 891 2643; x_wconf 89' lang='lat' dir='ltr'>capitur,</span> <span class='ocrx_word' id='word_1_235' title='bbox 917 2566 957 2622; x_wconf 91' lang='lat' dir='ltr'>ita</span> <span class='ocrx_word' id='word_1_236' title='bbox 975 2573 1004 2621; x_wconf 91' lang='lat' dir='ltr'>ut</span> <span class='ocrx_word' id='word_1_237' title='bbox 1020 2564 1067 2640; x_wconf 90' lang='lat' dir='ltr'>qui</span> 
     </span>
     <span class='ocr_line' id='line_1_29' title="bbox 65 2646 1068 2728; baseline -0.006 -19"><span class='ocrx_word' id='word_1_238' title='bbox 65 2649 96 2710; x_wconf 93' lang='lat' dir='ltr'>id</span> <span class='ocrx_word' id='word_1_239' title='bbox 119 2650 208 2710; x_wconf 82' lang='lat' dir='ltr'>faciet</span> <span class='ocrx_word' id='word_1_240' title='bbox 233 2649 309 2709; x_wconf 91' lang='lat' dir='ltr'>dicat</span> <span class='ocrx_word' id='word_1_241' title='bbox 334 2666 423 2728; x_wconf 85' lang='lat' dir='ltr'>quare</span> <span class='ocrx_word' id='word_1_242' title='bbox 450 2650 543 2727; x_wconf 90' lang='lat' dir='ltr'>capiat</span> <span class='ocrx_word' id='word_1_243' title='bbox 564 2657 595 2708; x_wconf 90' lang='lat' dir='ltr'>et</span> <span class='ocrx_word' id='word_1_244' title='bbox 613 2650 693 2708; x_wconf 90' lang='lat' dir='ltr'>cuius</span> <span class='ocrx_word' id='word_1_245' title='bbox 713 2664 806 2707; x_wconf 86' lang='lat' dir='ltr'>eausa.</span> <span class='ocrx_word' id='word_1_246' title='bbox 849 2648 892 2706; x_wconf 92' lang='lat' dir='ltr'>sic</span> <span class='ocrx_word' id='word_1_247' title='bbox 916 2646 1068 2722; x_wconf 83' lang='lat' dir='ltr'>adalligata</span> 
     </span>
     <span class='ocr_line' id='line_1_30' title="bbox 65 2733 341 2794; baseline 0 -1"><span class='ocrx_word' id='word_1_248' title='bbox 65 2735 184 2794; x_wconf 87' lang='lat' dir='ltr'>strumis</span> <span class='ocrx_word' id='word_1_249' title='bbox 202 2733 341 2794; x_wconf 87' lang='lat' dir='ltr'>medetur.</span> 
     </span>
    </p>
   </div>
   <div class='ocr_carea' id='block_1_5' title="bbox 32 2849 1112 3266">
    <p class='ocr_par' dir='ltr' id='par_1_5' title="bbox 32 2849 1112 3266">
     <span class='ocr_line' id='line_1_31' title="bbox 32 2849 1112 2932; baseline -0.006 -19"><span class='ocrx_word' id='word_1_250' title='bbox 32 2870 58 2913; x_wconf 80' lang='lat' dir='ltr'>so</span> <span class='ocrx_word' id='word_1_251' title='bbox 129 2852 212 2932; x_wconf 89' lang='grc'>(55.)</span> <span class='ocrx_word' id='word_1_252' title='bbox 242 2849 390 2913; x_wconf 88' lang='lat' dir='ltr'>hlelimola</span> <span class='ocrx_word' id='word_1_253' title='bbox 404 2853 559 2931; x_wconf 87' lang='lat' dir='ltr'>etreliqua</span> <span class='ocrx_word' id='word_1_254' title='bbox 574 2851 667 2912; x_wconf 88' lang='lat' dir='ltr'>dulcia</span> <span class='ocrx_word' id='word_1_255' title='bbox 683 2849 859 2912; x_wconf 89' lang='lat' dir='ltr'>stomachum</span> <span class='ocrx_word' id='word_1_256' title='bbox 872 2858 903 2911; x_wconf 88' lang='lat' dir='ltr'>et</span> <span class='ocrx_word' id='word_1_257' title='bbox 916 2856 1049 2910; x_wconf 88' lang='lat' dir='ltr'>ventrem</span> <span class='ocrx_word' id='word_1_258' title='bbox 1063 2855 1112 2907; x_wconf 83' lang='lat'>104</span> 
     </span>
     <span class='ocr_line' id='line_1_32' title="bbox 67 2931 1070 3014; baseline -0.007 -18"><span class='ocrx_word' id='word_1_259' title='bbox 67 2934 203 3012; x_wconf 81' lang='lat' dir='ltr'>solvont,</span> <span class='ocrx_word' id='word_1_260' title='bbox 217 2935 385 3013; x_wconf 89' lang='lat' dir='ltr'>siticulosa,</span> <span class='ocrx_word' id='word_1_261' title='bbox 401 2945 555 3014; x_wconf 87' lang='lat' dir='ltr'>aestuosa,</span> <span class='ocrx_word' id='word_1_262' title='bbox 573 2935 626 2996; x_wconf 92' lang='lat' dir='ltr'>sed</span> <span class='ocrx_word' id='word_1_263' title='bbox 644 2952 752 2995; x_wconf 90' lang='lat' dir='ltr'>nervos</span> <span class='ocrx_word' id='word_1_264' title='bbox 768 2951 825 2993; x_wconf 89' lang='lat' dir='ltr'>non</span> <span class='ocrx_word' id='word_1_265' title='bbox 840 2934 966 2994; x_wconf 88' lang='lat' dir='ltr'>laedunt.</span> <span class='ocrx_word' id='word_1_266' title='bbox 993 2931 1070 2991; x_wconf 92' lang='lat' dir='ltr'>orbi·</span> 
     </span>
     <span class='ocr_line' id='line_1_33' title="bbox 66 3015 1070 3095; baseline -0.006 -17"><span class='ocrx_word' id='word_1_267' title='bbox 66 3016 161 3081; x_wconf 83' lang='lat' dir='ltr'>calata</span> <span class='ocrx_word' id='word_1_268' title='bbox 184 3020 290 3079; x_wconf 90' lang='lat' dir='ltr'>sistunt</span> <span class='ocrx_word' id='word_1_269' title='bbox 310 3019 405 3079; x_wconf 87' lang='lat' dir='ltr'>alvom</span> <span class='ocrx_word' id='word_1_270' title='bbox 423 3029 454 3081; x_wconf 88' lang='lat' dir='ltr'>at</span> <span class='ocrx_word' id='word_1_271' title='bbox 469 3020 663 3095; x_wconf 86' lang='lat' dir='ltr'>vomitiones,</span> <span class='ocrx_word' id='word_1_272' title='bbox 681 3021 777 3079; x_wconf 91' lang='lat' dir='ltr'>urinas</span> <span class='ocrx_word' id='word_1_273' title='bbox 793 3019 880 3078; x_wconf 88' lang='lat' dir='ltr'>cient.</span> <span class='ocrx_word' id='word_1_274' title='bbox 916 3015 1070 3078; x_wconf 86' lang='lat' dir='ltr'>Silvestria</span> 
     </span>
     <span class='ocr_line' id='line_1_34' title="bbox 66 3098 1071 3180; baseline -0.007 -17"><span class='ocrx_word' id='word_1_275' title='bbox 66 3103 139 3165; x_wconf 88' lang='lat' dir='ltr'>mala</span> <span class='ocrx_word' id='word_1_276' title='bbox 162 3102 267 3165; x_wconf 85' lang='lat' dir='ltr'>similia</span> <span class='ocrx_word' id='word_1_277' title='bbox 288 3110 355 3163; x_wconf 89' lang='lat' dir='ltr'>sunt</span> <span class='ocrx_word' id='word_1_278' title='bbox 376 3104 475 3164; x_wconf 89' lang='lat' dir='ltr'>vernis</span> <span class='ocrx_word' id='word_1_279' title='bbox 496 3103 610 3164; x_wconf 86' lang='lat' dir='ltr'>acerbis</span> <span class='ocrx_word' id='word_1_280' title='bbox 632 3102 785 3180; x_wconf 86' lang='lat' dir='ltr'>alvomque</span> <span class='ocrx_word' id='word_1_281' title='bbox 806 3104 929 3180; x_wconf 90' lang='lat' dir='ltr'>sistunt,</span> <span class='ocrx_word' id='word_1_282' title='bbox 956 3117 1026 3160; x_wconf 91' lang='lat' dir='ltr'>sane</span> <span class='ocrx_word' id='word_1_283' title='bbox 1041 3098 1071 3155; x_wconf 92' lang='lat' dir='ltr'>in</span> 
     </span>
     <span class='ocr_line' id='line_1_35' title="bbox 66 3184 573 3266; baseline 0 -20"><span class='ocrx_word' id='word_1_284' title='bbox 66 3184 142 3247; x_wconf 90' lang='lat' dir='ltr'>huno</span> <span class='ocrx_word' id='word_1_285' title='bbox 157 3203 240 3247; x_wconf 87' lang='lat' dir='ltr'>usum</span> <span class='ocrx_word' id='word_1_286' title='bbox 257 3188 395 3247; x_wconf 89' lang='lat' dir='ltr'>inmatura</span> <span class='ocrx_word' id='word_1_287' title='bbox 411 3205 484 3266; x_wconf 91' lang='lat' dir='ltr'>opus</span> <span class='ocrx_word' id='word_1_288' title='bbox 501 3196 573 3247; x_wconf 91' lang='lat' dir='ltr'>sunt.</span> 
     </span>
    </p>
   </div>
   <div class='ocr_carea' id='block_1_6' title="bbox 32 3285 1113 3538">
    <p class='ocr_par' dir='ltr' id='par_1_6' title="bbox 32 3285 1113 3538">
     <span class='ocr_line' id='line_1_36' title="bbox 32 3285 1113 3371; baseline -0.006 -16"><span class='ocrx_word' id='word_1_289' title='bbox 32 3314 58 3356; x_wconf 83' lang='lat' dir='ltr'>aa</span> <span class='ocrx_word' id='word_1_290' title='bbox 130 3291 206 3371; x_wconf 82' lang='grc'>(56.)</span> <span class='ocrx_word' id='word_1_291' title='bbox 237 3287 336 3350; x_wconf 81' lang='lat' dir='ltr'>cinea</span> <span class='ocrx_word' id='word_1_292' title='bbox 359 3298 460 3350; x_wconf 88' lang='lat' dir='ltr'>contra</span> <span class='ocrx_word' id='word_1_293' title='bbox 481 3306 624 3350; x_wconf 87' lang='lat' dir='ltr'>venenum</span> <span class='ocrx_word' id='word_1_294' title='bbox 641 3289 671 3348; x_wconf 92' lang='lat' dir='ltr'>in</span> <span class='ocrx_word' id='word_1_295' title='bbox 686 3289 754 3348; x_wconf 88' lang='lat' dir='ltr'>vino</span> <span class='ocrx_word' id='word_1_296' title='bbox 770 3287 906 3347; x_wconf 86' lang='lat' dir='ltr'>bibuntur</span> <span class='ocrx_word' id='word_1_297' title='bbox 922 3285 970 3344; x_wconf 86' lang='lat' dir='ltr'>vel</span> <span class='ocrx_word' id='word_1_298' title='bbox 986 3286 1113 3361; x_wconf 82' lang='lat' dir='ltr'>ipsa105</span> 
     </span>
     <span class='ocr_line' id='line_1_37' title="bbox 66 3367 1071 3450; baseline -0.011 -13"><span class='ocrx_word' id='word_1_299' title='bbox 66 3374 117 3437; x_wconf 79' lang='lat' dir='ltr'>ael</span> <span class='ocrx_word' id='word_1_300' title='bbox 132 3391 243 3435; x_wconf 85' lang='lat' dir='ltr'>samen.</span> <span class='ocrx_word' id='word_1_301' title='bbox 259 3374 366 3433; x_wconf 85' lang='lat' dir='ltr'>iaciunt</span> <span class='ocrx_word' id='word_1_302' title='bbox 382 3375 442 3435; x_wconf 89' lang='lat' dir='ltr'>oris</span> <span class='ocrx_word' id='word_1_303' title='bbox 457 3375 638 3450; x_wconf 89' lang='lat' dir='ltr'>suavitatem,</span> <span class='ocrx_word' id='word_1_304' title='bbox 653 3371 777 3433; x_wconf 90' lang='lat' dir='ltr'>decocto</span> <span class='ocrx_word' id='word_1_305' title='bbox 790 3387 890 3430; x_wconf 88' lang='lat' dir='ltr'>eornm</span> <span class='ocrx_word' id='word_1_306' title='bbox 903 3367 1010 3429; x_wconf 92' lang='lat' dir='ltr'>conluti</span> <span class='ocrx_word' id='word_1_307' title='bbox 1024 3375 1071 3426; x_wconf 90' lang='lat' dir='ltr'>ant</span> 
     </span>
     <span class='ocr_line' id='line_1_38' title="bbox 67 3451 1088 3538; baseline -0.015 -18"><span class='ocrx_word' id='word_1_308' title='bbox 67 3477 141 3521; x_wconf 88' lang='lat' dir='ltr'>suco</span> <span class='ocrx_word' id='word_1_309' title='bbox 152 3474 308 3538; x_wconf 84' lang='lat' dir='ltr'>expresso.</span> <span class='ocrx_word' id='word_1_310' title='bbox 335 3456 439 3519; x_wconf 88' lang='lat' dir='ltr'>horum</span> <span class='ocrx_word' id='word_1_311' title='bbox 453 3475 552 3518; x_wconf 87' lang='lat' dir='ltr'>seman</span> <span class='ocrx_word' id='word_1_312' title='bbox 564 3454 706 3516; x_wconf 86' lang='lat' dir='ltr'>edendum</span> <span class='ocrx_word' id='word_1_313' title='bbox 717 3451 1088 3535; x_wconf 73' lang='lat' dir='ltr'>praselpiuntinmalaa&#39;xa</span> 
     </span>
    </p>
   </div>
   <div class='ocr_carea' id='block_1_7' title="bbox 0 0 1204 3840">
    <p class='ocr_par' dir='ltr' id='par_1_7' title="bbox 0 0 1204 3840">
     <span class='ocr_line' id='line_1_39' title="bbox 0 0 1204 3840; baseline 0 0"><span class='ocrx_word' id='word_1_314' title='bbox 0 0 1204 3840; x_wconf 95' lang='lat' dir='ltr'> </span> 
     </span>
    </p>
   </div>
  </div>
 </body>
</html>
