2400 3840
318 220 397 268 rmr.
413 219 503 268 mam
520 219 601 267 xxv,
617 215 643 265 4.
659 213 684 264 5.
705 206 856 284 (lc—19.)
1043 211 1082 270 75

92 375 206 434 leminis
225 373 400 450 candidiora,
419 371 503 432 radix
518 388 708 450 supervacua,
725 374 900 451 praetenuis.
930 384 1083 433 naseuntur

92 460 120 516 in
139 456 349 536 campestribus
371 457 465 515 cultis.
499 456 599 514 mirum
620 462 666 514 est
687 456 764 533 quod
784 455 820 516 de
839 463 962 533 utroque
984 473 1082 516 eorum

90 559 205 618 genere
226 540 375 618 proditur:
399 547 429 598 ut
449 555 542 597 mares
563 541 718 615 gignantur
734 539 808 598 hunc
824 539 933 612 iacere,
957 548 986 598 ut
1002 540 1082 599 femi·

92 643 146 683 nae
162 623 246 682 illam.
282 622 338 681 hoc
358 625 542 698 contingere,
565 623 590 680 si
612 639 628 680 a
648 629 791 700 conceptu
812 624 943 699 protinus
968 623 1083 682 bibatur

69 725 177 766 ssucus
193 709 222 764 in
237 723 324 784 passo
341 706 499 765 edanturve
515 703 586 764 ioliu
601 703 721 764 decocta
742 723 780 765 ex
799 705 867 764 oleo
889 714 919 764 et
939 705 1012 781 sale,
1034 705 1082 764 vel

92 788 180 850 cruda
203 792 241 848 ex
258 798 351 847 aceto.
384 787 497 865 quidam
517 786 659 847 decocunt
683 806 745 847 eam
765 790 795 846 in
816 805 893 847 novo
916 789 994 847 hctili
1020 807 1082 847 cum

92 873 271 949 heliotropio
290 880 321 931 et
342 870 452 931 duabus
473 870 634 929 aut-tribus
658 873 759 948 spicis,
779 870 874 931 donec
896 880 1081 948 excoquatur.

92 955 243 1015 decoctum
262 954 322 1013 dari
345 955 447 1014 iubent
461 961 500 1012 'et
522 953 641 1013 herbam
664 954 755 1032 ipsam
775 956 803 1012 in
825 954 890 1014 cibo
915 955 1008 1014 altero
1031 954 1125 1017 diedo

93 1039 273 1117 purgationis
297 1037 464 1097 mulieribus
491 1055 546 1114 per
573 1035 710 1112 triduum,
733 1045 836 1113 quarto
857 1038 906 1099 die
929 1057 945 1098 a
965 1037 1082 1099 balineo

61 1143 86 1183 ro
96 1123 177 1181 coire
195 1139 253 1180 eas.
277 1119 469 1198 Hippocrates
484 1118 708 1179 miris'laudibus
724 1121 753 1178 in
767 1119 917 1181 mulierum
933 1141 986 1183 usu
1001 1140 1083 1201 prae·

92 1204 197 1263 dicavit
213 1204 273 1263 has.
295 1203 331 1263 ad
345 1204 420 1263 hunc
434 1202 547 1263 modum
561 1201 737 1263 medicorum
752 1221 837 1263 nemo
853 1206 941 1264 novit.
963 1204 1013 1265 ille
1030 1224 1080 1265 eas

92 1287 197 1347 volvae
212 1305 274 1345 curn
289 1286 375 1346 melle
390 1285 439 1346 vel
463 1303 586 1346 rosaceo
609 1285 657 1344 vel
678 1287 752 1345 irino
777 1286 823 1346 vcl
841 1286 922 1347 lilino
945 1288 1080 1363 admovit,

91 1373 162 1430 item
182 1371 216 1430 ad
237 1370 355 1430 ciendos
377 1387 493 1429 menses
516 1368 722 1444 secundasque.
758 1369 816 1428 hoc
834 1368 910 1428 idem
932 1380 1081 1448 praestare

93 1461 165 1532 potu
179 1453 299 1530 ictuque
315 1453 394 1512 dixit.
426 1451 577 1511 instillavit
598 1451 715 1510 auribus
731 1450 816 1510 olidis
832 1471 940 1528 sucum,
959 1455 1082 1512 inunxit·

57 1554 150 1615 reque
170 1555 232 1595 curn
250 1538 317 1595 vino
332 1544 444 1596 vetere.
477 1534 541 1594 alvo
558 1534 628 1593 iolia
646 1536 785 1612 inposuit,
808 1534 969 1613 epiphoris,
988 1544 1120 1601 strab-41

92 1620 195 1697 gutiae
219 1629 249 1678 et
265 1621 379 1679 vesicis.
416 1619 566 1679 decoctum
587 1619 649 1678 eius
674 1617 753 1677 dedit
774 1636 836 1678 cum
851 1637 945 1678 murra
964 1627 994 1679 et
1008 1627 1080 1681 ture.
1107 1666 1111 1671 .

93 1703 160 1762 alvo
175 1702 289 1779 quidem
303 1701 460 1762 solvendae
477 1701 525 1762 vel
547 1703 576 1760 in
599 1701 674 1761 iebri
691 1703 862 1779 decoquitur
877 1711 1011 1779 quantum
1026 1721 1082 1762 ma-

89 1790 146 1844 'nus
164 1787 257 1863 capiat
273 1788 301 1843 in
312 1785 423 1845 duobus
439 1787 574 1845 sextariis
590 1802 681 1861 aquae
695 1785 731 1844 ad
746 1785 886 1861 dimidias,
899 1785 1007 1845 bibitur
1019 1786 1081 1846 sale

88 1877 125 1928 ¹et
140 1868 226 1927 melle
246 1868 381 1943 admixto,
406 1887 461 1927 nec
480 1886 537 1928 non
557 1884 620 1927 cum
640 1868 746 1944 ungula
771 1871 830 1928 suis
849 1876 896 1928 aut
917 1868 1080 1945 gallinaceo

55 1969 84 2010 an
93 1951 216 2011 decocta
240 1951 391 2011 salubrius.
409 1964 411 1969 ’
427 1953 608 2028 purgationis
628 1968 713 2012 causa
728 1959 868 2030 putavere
880 1951 966 2028 aliqui
978 1960 1081 2011 utram·

94 2053 150 2112 que
168 2035 285 2094 dandam
309 2036 372 2094 sive
392 2052 455 2093 cum
478 2033 569 2094 malva
586 2035 745 2093 decoctum.
784 2035 931 2093 thoracem
946 2043 1080 2111 purgant,

94 2118 182 2177 bilem
196 2117 358 2193 detrahunt,
373 2117 425 2177 sed
436 2116 612 2177 stomachum
628 2116 751 2176 laedunt.
774 2116 904 2194 reliquos
920 2135 988 2177 usus
1005 2116 1079 2177 dice·

93 2219 155 2259 rnns
171 2203 230 2260 suis
248 2200 329 2261 locis.
811 2216 814 2221 ⁴
921 2232 924 2237 ⁴
1040 2220 1122 2260 nans.

158 2284 238 2362 (19.)
258 2283 372 2344 Invenit
389 2293 419 2343 et
432 2282 563 2345 Achilles
579 2284 735 2362 discipulus
752 2283 887 2346 Chironis
903 2302 958 2364 qua
979 2286 1079 2349 volne·
1090 2297 1140 2348 lu.

57 2386 84 2425 aa
94 2366 176 2426 ribus
190 2367 367 2444 mederetur,
384 2385 457 2446 quae
473 2368 512 2428 ob
527 2367 555 2427 id
572 2368 723 2428 Achilleos
738 2377 865 2430 vocatur.
892 2369 945 2429 hac
962 2388 1081 2430 sanasse

95 2448 255 2527 Telephum
277 2450 387 2509 dicium.
417 2450 465 2510 alii
480 2452 600 2529 primum
616 2453 783 2528 aeruginem
798 2453 946 2512 invenisse
965 2451 1080 2513 utilissi-

94 2550 166 2593 mam
183 2532 357 2610 emplastris,
373 2533 499 2611 ideoquc
512 2536 639 2610 pingitur
649 2542 680 2594 et
694 2551 710 2592 a
725 2534 845 2612 cuspide
857 2535 1005 2596 decutiens
1022 2537 1080 2612 gla-

95 2615 142 2675 dio
164 2616 192 2674 in
209 2615 312 2676 volnus
330 2615 460 2694 Telephi.
493 2616 542 2675 alii
563 2625 685 2693 utroque
708 2635 788 2676 usum
806 2617 1013 2677 medicamento
1032 2637 1081 2678 vo

95 2698 165 2757 lunt.
195 2699 283 2777 aliqui
306 2708 336 2758 et
357 2699 430 2759 hanc
450 2716 587 2778 panacem
608 2697 794 2777 heracleam,
816 2698 865 2758 alii
887 2698 1028 2760 sideritim
1051 2710 1081 2761 et

56 2781 169 2858 coapud
184 2797 237 2841 nos
250 2782 429 2842 millefolium
445 2792 560 2857 vocant,
575 2781 691 2842 cubitali
707 2800 807 2860 scapo,
824 2799 973 2860 ramosam,
991 2786 1080 2845 minu·

95 2865 218 2924 tionibus
241 2883 323 2942 quam
346 2865 462 2926 feniculi
485 2866 565 2926 loliis
587 2867 721 2926 vestitam
736 2867 771 2926 ab
788 2869 854 2927 imo.
887 2866 934 2927 alii
952 2869 1123 2931 fatenturua

94 2947 208 3025 quidem
227 2948 304 3009 illam
324 2949 493 3010 volneribus
513 2949 629 3025 utilem',
651 2949 703 3011 sed
723 2969 821 3010 veram
836 2950 991 3011 Achilleon
1013 2970 1081 3011 esse

95 3046 184 3108 scapo
206 3031 342 3092 caerulco
364 3032 470 3110 pedali,
492 3035 554 3092 sine
579 3035 675 3109 ramis,
699 3051 738 3093 cx
760 3035 835 3094 omni
858 3043 941 3112 parte
959 3035 1080 3112 singulis

95 3112 173 3172 ioliis
192 3116 322 3174 rotundis
339 3115 490 3192 eleganter
504 3119 650 3194 vestitam,
670 3117 717 3175 alii
733 3117 871 3194 quadrato
889 3117 982 3194 caule,
1006 3119 1081 3195 capi·

57 3210 86 3250 ao
97 3195 163 3254 tulis
184 3199 326 3273 marrubi,
347 3198 425 3258 loliis
449 3216 583 3277 quercus,
600 3232 640 3246 -·-
654 3200 727 3260 hauc
749 3203 834 3260 etiarn
849 3203 999 3277 praecisos
1016 3219 1080 3259 ner-

14 3301 56 3404 s
96 3296 148 3338 vos
165 3279 309 3356 glutinare
329 3282 453 3358 iaciunt,
467 3314 510 3328 -
525 3282 572 3342 alii
594 3282 735 3343 sideritim
757 3285 786 3343 iu
806 3285 940 3343 maceriis
962 3300 1080 3342 nascen-

97 3369 165 3438 tem,
182 3382 245 3423 eum
262 3372 381 3442 teratur,
395 3364 474 3424 foedi
491 3364 598 3426 odoris.
615 3367 768 3426 etiamnum
782 3366 865 3424 aliam
876 3365 998 3424 similem
1013 3365 1077 3424 huic
1089 3373 1123 3427 lu

95 3444 149 3503 sed
164 3446 375 3507 candidioribus
391 3448 470 3507 loliis
487 3456 516 3507 ct
533 3442 746 3527 pinguioribus,
765 3450 951 3508 teneriorem
963 3447 1094 3504 cumicu-
