<?xml version="1.0" encoding="UTF-8"?>
<!DOCTYPE html PUBLIC "-//W3C//DTD XHTML 1.0 Transitional//EN"
    "http://www.w3.org/TR/xhtml1/DTD/xhtml1-transitional.dtd">
<html xmlns="http://www.w3.org/1999/xhtml" xml:lang="en" lang="en">
 <head>
  <title>
</title>
<meta http-equiv="Content-Type" content="text/html;charset=utf-8" />
  <meta name='ocr-system' content='tesseract 3.04.00' />
  <meta name='ocr-capabilities' content='ocr_page ocr_carea ocr_par ocr_line ocrx_word'/>
</head>
<body>
  <div class='ocr_page' id='page_1' title='image "./cplinisecundina06plingoog_0364.png"; bbox 0 0 2400 3840; ppageno 0'>
   <div class='ocr_carea' id='block_1_1' title="bbox 336 164 1109 243">
    <p class='ocr_par' dir='ltr' id='par_1_1' title="bbox 336 164 1109 243">
     <span class='ocr_line' id='line_1_1' title="bbox 336 164 1109 243; baseline -0.005 -15"><span class='ocrx_word' id='word_1_1' title='bbox 336 182 417 229; x_wconf 76' lang='lat' dir='ltr'>nar.</span> <span class='ocrx_word' id='word_1_2' title='bbox 432 178 523 229; x_wconf 81' lang='lat' dir='ltr'>msc.</span> <span class='ocrx_word' id='word_1_3' title='bbox 541 176 695 228; x_wconf 80' lang='lat' dir='ltr'>xxxma.</span> <span class='ocrx_word' id='word_1_4' title='bbox 713 177 740 230; x_wconf 82' lang='lat' dir='ltr'>a.</span> <span class='ocrx_word' id='word_1_5' title='bbox 759 166 893 243; x_wconf 70' lang='lat' dir='ltr'>(rr—13.)</span> <span class='ocrx_word' id='word_1_6' title='bbox 1048 164 1109 225; x_wconf 82' lang='lat'>289</span> 
     </span>
    </p>
   </div>
   <div class='ocr_carea' id='block_1_2' title="bbox 73 330 1154 3415">
    <p class='ocr_par' dir='ltr' id='par_1_2' title="bbox 73 330 1154 3415">
     <span class='ocr_line' id='line_1_2' title="bbox 111 330 1111 413; baseline -0.007 -19"><span class='ocrx_word' id='word_1_7' title='bbox 111 352 237 412; x_wconf 90' lang='lat' dir='ltr'>namque</span> <span class='ocrx_word' id='word_1_8' title='bbox 261 335 315 394; x_wconf 90' lang='lat' dir='ltr'>ista</span> <span class='ocrx_word' id='word_1_9' title='bbox 338 336 527 413; x_wconf 80' lang='lat' dir='ltr'>persuasione</span> <span class='ocrx_word' id='word_1_10' title='bbox 547 335 840 410; x_wconf 88' lang='lat' dir='ltr'>gentium-constant.</span> <span class='ocrx_word' id='word_1_11' title='bbox 876 330 1002 408; x_wconf 77' lang='lat' dir='ltr'>gignitur</span> <span class='ocrx_word' id='word_1_12' title='bbox 1029 338 1057 388; x_wconf 90' lang='lat' dir='ltr'>et</span> <span class='ocrx_word' id='word_1_13' title='bbox 1083 331 1111 388; x_wconf 92' lang='lat' dir='ltr'>in</span> 
     </span>
     <span class='ocr_line' id='line_1_3' title="bbox 112 415 1112 495; baseline -0.005 -17"><span class='ocrx_word' id='word_1_14' title='bbox 112 417 212 478; x_wconf 88' lang='lat' dir='ltr'>Rubro</span> <span class='ocrx_word' id='word_1_15' title='bbox 229 418 343 495; x_wconf 90' lang='lat' dir='ltr'>quidem</span> <span class='ocrx_word' id='word_1_16' title='bbox 358 419 445 494; x_wconf 91' lang='lat' dir='ltr'>mari,</span> <span class='ocrx_word' id='word_1_17' title='bbox 469 418 521 477; x_wconf 92' lang='lat' dir='ltr'>sed</span> <span class='ocrx_word' id='word_1_18' title='bbox 536 419 661 494; x_wconf 85' lang='lat' dir='ltr'>nigrius,</span> <span class='ocrx_word' id='word_1_19' title='bbox 676 416 744 475; x_wconf 91' lang='lat' dir='ltr'>item</span> <span class='ocrx_word' id='word_1_20' title='bbox 757 417 786 475; x_wconf 91' lang='lat' dir='ltr'>in</span> <span class='ocrx_word' id='word_1_21' title='bbox 800 415 920 475; x_wconf 89' lang='lat' dir='ltr'>Persico</span> <span class='ocrx_word' id='word_1_22' title='bbox 934 447 977 459; x_wconf 91' lang='lat'>—</span> <span class='ocrx_word' id='word_1_23' title='bbox 991 421 1112 473; x_wconf 88' lang='lat' dir='ltr'>vocatur</span> 
     </span>
     <span class='ocr_line' id='line_1_4' title="bbox 113 496 1111 579; baseline -0.005 -19"><span class='ocrx_word' id='word_1_24' title='bbox 113 502 181 561; x_wconf 91' lang='lat' dir='ltr'>lace</span> <span class='ocrx_word' id='word_1_25' title='bbox 198 535 255 579; x_wconf 88' lang='lat'>-‚</span> <span class='ocrx_word' id='word_1_26' title='bbox 279 501 501 562; x_wconf 88' lang='lat' dir='ltr'>laudatissimum</span> <span class='ocrx_word' id='word_1_27' title='bbox 524 502 551 560; x_wconf 94' lang='lat' dir='ltr'>in</span> <span class='ocrx_word' id='word_1_28' title='bbox 567 499 678 560; x_wconf 88' lang='lat' dir='ltr'>Gallico</span> <span class='ocrx_word' id='word_1_29' title='bbox 696 503 759 560; x_wconf 89' lang='lat' dir='ltr'>sinu</span> <span class='ocrx_word' id='word_1_30' title='bbox 778 501 854 560; x_wconf 90' lang='lat' dir='ltr'>circa</span> <span class='ocrx_word' id='word_1_31' title='bbox 869 496 1050 559; x_wconf 89' lang='lat' dir='ltr'>Stoechadas</span> <span class='ocrx_word' id='word_1_32' title='bbox 1071 499 1111 556; x_wconf 90' lang='lat' dir='ltr'>in-</span> 
     </span>
     <span class='ocr_line' id='line_1_5' title="bbox 115 581 1112 663; baseline -0.003 -19"><span class='ocrx_word' id='word_1_33' title='bbox 115 584 192 645; x_wconf 91' lang='lat' dir='ltr'>sulas</span> <span class='ocrx_word' id='word_1_34' title='bbox 209 594 239 644; x_wconf 91' lang='lat' dir='ltr'>et</span> <span class='ocrx_word' id='word_1_35' title='bbox 254 587 283 644; x_wconf 93' lang='lat' dir='ltr'>in</span> <span class='ocrx_word' id='word_1_36' title='bbox 299 585 397 646; x_wconf 88' lang='lat' dir='ltr'>Siculo</span> <span class='ocrx_word' id='word_1_37' title='bbox 415 587 493 646; x_wconf 90' lang='lat' dir='ltr'>circa</span> <span class='ocrx_word' id='word_1_38' title='bbox 508 585 629 645; x_wconf 82' lang='lat' dir='ltr'>Aeolias</span> <span class='ocrx_word' id='word_1_39' title='bbox 645 602 680 644; x_wconf 90' lang='lat' dir='ltr'>ac</span> <span class='ocrx_word' id='word_1_40' title='bbox 689 584 834 663; x_wconf 90' lang='lat' dir='ltr'>Drepana.</span> <span class='ocrx_word' id='word_1_41' title='bbox 856 584 983 642; x_wconf 89' lang='lat' dir='ltr'>nascitur</span> <span class='ocrx_word' id='word_1_42' title='bbox 996 590 1024 641; x_wconf 91' lang='lat' dir='ltr'>et</span> <span class='ocrx_word' id='word_1_43' title='bbox 1036 581 1112 659; x_wconf 91' lang='lat' dir='ltr'>apud</span> 
     </span>
     <span class='ocr_line' id='line_1_6' title="bbox 90 665 1111 748; baseline 0.001 -25"><span class='ocrx_word' id='word_1_44' title='bbox 90 668 269 730; x_wconf 74' lang='lat' dir='ltr'>adnaviscas</span> <span class='ocrx_word' id='word_1_45' title='bbox 285 677 314 727; x_wconf 89' lang='lat' dir='ltr'>et</span> <span class='ocrx_word' id='word_1_46' title='bbox 331 677 396 727; x_wconf 93' lang='lat' dir='ltr'>ante</span> <span class='ocrx_word' id='word_1_47' title='bbox 414 668 567 747; x_wconf 80' lang='lat' dir='ltr'>Neapolim</span> <span class='ocrx_word' id='word_1_48' title='bbox 584 667 776 748; x_wconf 82' lang='lat' dir='ltr'>Campaniae,</span> <span class='ocrx_word' id='word_1_49' title='bbox 798 684 986 745; x_wconf 81' lang='lat' dir='ltr'><strong>maxumeque</strong></span> <span class='ocrx_word' id='word_1_50' title='bbox 1005 665 1111 725; x_wconf 90' lang='lat' dir='ltr'>rubens</span> 
     </span>
     <span class='ocr_line' id='line_1_7' title="bbox 113 750 1154 827; baseline -0.001 -15"><span class='ocrx_word' id='word_1_51' title='bbox 113 751 166 812; x_wconf 88' lang='lat' dir='ltr'>sed</span> <span class='ocrx_word' id='word_1_52' title='bbox 178 751 267 812; x_wconf 91' lang='lat' dir='ltr'>molle</span> <span class='ocrx_word' id='word_1_53' title='bbox 278 761 308 811; x_wconf 88' lang='lat' dir='ltr'>et</span> <span class='ocrx_word' id='word_1_54' title='bbox 319 752 386 813; x_wconf 92' lang='lat' dir='ltr'>ideo</span> <span class='ocrx_word' id='word_1_55' title='bbox 398 753 564 812; x_wconf 85' lang='lat' dir='ltr'>vilissimum</span> <span class='ocrx_word' id='word_1_56' title='bbox 571 751 713 827; x_wconf 75' lang='lat' dir='ltr'>Erythris.</span> <span class='ocrx_word' id='word_1_57' title='bbox 735 753 827 812; x_wconf 89' lang='lat' dir='ltr'>forma</span> <span class='ocrx_word' id='word_1_58' title='bbox 840 759 885 810; x_wconf 92' lang='lat' dir='ltr'>est</span> <span class='ocrx_word' id='word_1_59' title='bbox 896 750 1018 827; x_wconf 89' lang='lat' dir='ltr'>fruticis,</span> <span class='ocrx_word' id='word_1_60' title='bbox 1028 750 1111 810; x_wconf 91' lang='lat' dir='ltr'>colos</span> <span class='ocrx_word' id='word_1_61' title='bbox 1120 759 1154 811; x_wconf 75' lang='lat'>22</span> 
     </span>
     <span class='ocr_line' id='line_1_8' title="bbox 112 834 1111 914; baseline -0.002 -20"><span class='ocrx_word' id='word_1_62' title='bbox 112 835 228 912; x_wconf 83' lang='lat' dir='ltr'>viridis,</span> <span class='ocrx_word' id='word_1_63' title='bbox 250 834 343 896; x_wconf 91' lang='lat' dir='ltr'>bacae</span> <span class='ocrx_word' id='word_1_64' title='bbox 362 839 423 896; x_wconf 90' lang='lat' dir='ltr'>eius</span> <span class='ocrx_word' id='word_1_65' title='bbox 440 837 578 897; x_wconf 88' lang='lat' dir='ltr'>candidae</span> <span class='ocrx_word' id='word_1_66' title='bbox 594 835 646 895; x_wconf 93' lang='lat' dir='ltr'>sub</span> <span class='ocrx_word' id='word_1_67' title='bbox 663 853 736 914; x_wconf 91' lang='lat' dir='ltr'>aqua</span> <span class='ocrx_word' id='word_1_68' title='bbox 753 854 788 895; x_wconf 91' lang='lat' dir='ltr'>ac</span> <span class='ocrx_word' id='word_1_69' title='bbox 810 835 931 910; x_wconf 90' lang='lat' dir='ltr'>molles,</span> <span class='ocrx_word' id='word_1_70' title='bbox 957 843 1111 912; x_wconf 79' lang='lat' dir='ltr'>exemptae</span> 
     </span>
     <span class='ocr_line' id='line_1_9' title="bbox 113 919 1111 997; baseline -0.003 -18"><span class='ocrx_word' id='word_1_71' title='bbox 113 919 264 979; x_wconf 81' lang='lat' dir='ltr'>confestim</span> <span class='ocrx_word' id='word_1_72' title='bbox 280 920 415 980; x_wconf 87' lang='lat' dir='ltr'>durantur</span> <span class='ocrx_word' id='word_1_73' title='bbox 433 930 463 980; x_wconf 90' lang='lat' dir='ltr'>et</span> <span class='ocrx_word' id='word_1_74' title='bbox 483 920 640 980; x_wconf 90' lang='lat' dir='ltr'>rubescunt</span> <span class='ocrx_word' id='word_1_75' title='bbox 656 938 711 997; x_wconf 92' lang='lat' dir='ltr'>qua</span> <span class='ocrx_word' id='word_1_76' title='bbox 731 937 820 980; x_wconf 88' lang='lat' dir='ltr'>corna</span> <span class='ocrx_word' id='word_1_77' title='bbox 835 921 926 979; x_wconf 86' lang='lat' dir='ltr'>sativa</span> <span class='ocrx_word' id='word_1_78' title='bbox 947 920 1047 997; x_wconf 86' lang='lat' dir='ltr'>speeie</span> <span class='ocrx_word' id='word_1_79' title='bbox 1071 927 1111 978; x_wconf 81' lang='lat' dir='ltr'>at·</span> 
     </span>
     <span class='ocr_line' id='line_1_10' title="bbox 112 1003 1110 1082; baseline -0.002 -20"><span class='ocrx_word' id='word_1_80' title='bbox 112 1021 169 1082; x_wconf 93' lang='lat' dir='ltr'>que</span> <span class='ocrx_word' id='word_1_81' title='bbox 183 1003 386 1080; x_wconf 79' lang='lat' dir='ltr'>magnitudine.</span> <span class='ocrx_word' id='word_1_82' title='bbox 415 1006 492 1063; x_wconf 90' lang='lat' dir='ltr'>aiunt</span> <span class='ocrx_word' id='word_1_83' title='bbox 511 1011 589 1062; x_wconf 89' lang='lat' dir='ltr'>tactu</span> <span class='ocrx_word' id='word_1_84' title='bbox 610 1005 741 1081; x_wconf 89' lang='lat' dir='ltr'>protinus</span> <span class='ocrx_word' id='word_1_85' title='bbox 760 1003 961 1082; x_wconf 90' lang='lat' dir='ltr'>lapidescere,</span> <span class='ocrx_word' id='word_1_86' title='bbox 983 1004 1007 1062; x_wconf 89' lang='lat' dir='ltr'>si</span> <span class='ocrx_word' id='word_1_87' title='bbox 1023 1004 1110 1078; x_wconf 75' lang='lat' dir='ltr'>riam,</span> 
     </span>
     <span class='ocr_line' id='line_1_11' title="bbox 75 1085 1111 1166; baseline 0 -22"><span class='ocrx_word' id='word_1_88' title='bbox 75 1087 209 1164; x_wconf 83' lang='lat' dir='ltr'>initaque</span> <span class='ocrx_word' id='word_1_89' title='bbox 222 1089 360 1166; x_wconf 92' lang='lat' dir='ltr'>occupari</span> <span class='ocrx_word' id='word_1_90' title='bbox 372 1087 519 1164; x_wconf 83' lang='lat' dir='ltr'>evellique</span> <span class='ocrx_word' id='word_1_91' title='bbox 530 1086 640 1145; x_wconf 89' lang='lat' dir='ltr'>retibus</span> <span class='ocrx_word' id='word_1_92' title='bbox 653 1095 701 1146; x_wconf 90' lang='lat' dir='ltr'>ant</span> <span class='ocrx_word' id='word_1_93' title='bbox 711 1088 771 1147; x_wconf 91' lang='lat' dir='ltr'>acri</span> <span class='ocrx_word' id='word_1_94' title='bbox 782 1086 957 1147; x_wconf 89' lang='lat' dir='ltr'>ferramento</span> <span class='ocrx_word' id='word_1_95' title='bbox 971 1085 1111 1164; x_wconf 85' lang='lat' dir='ltr'>praecidi,</span> 
     </span>
     <span class='ocr_line' id='line_1_12' title="bbox 111 1169 1110 1249; baseline -0.001 -21"><span class='ocrx_word' id='word_1_96' title='bbox 111 1169 219 1249; x_wconf 89' lang='lat' dir='ltr'>quade</span> <span class='ocrx_word' id='word_1_97' title='bbox 238 1187 324 1229; x_wconf 90' lang='lat' dir='ltr'>causa</span> <span class='ocrx_word' id='word_1_98' title='bbox 349 1170 486 1229; x_wconf 90' lang='lat' dir='ltr'>curalium</span> <span class='ocrx_word' id='word_1_99' title='bbox 505 1171 660 1230; x_wconf 86' lang='lat' dir='ltr'>vocitatum</span> <span class='ocrx_word' id='word_1_100' title='bbox 680 1172 912 1248; x_wconf 90' lang='lat' dir='ltr'>interpretantur.</span> <span class='ocrx_word' id='word_1_101' title='bbox 941 1169 1110 1249; x_wconf 90' lang='lat' dir='ltr'>probatissi-</span> 
     </span>
     <span class='ocr_line' id='line_1_13' title="bbox 110 1252 1109 1331; baseline 0 -20"><span class='ocrx_word' id='word_1_102' title='bbox 110 1270 186 1311; x_wconf 89' lang='lat' dir='ltr'>mum</span> <span class='ocrx_word' id='word_1_103' title='bbox 203 1269 286 1329; x_wconf 90' lang='lat' dir='ltr'>qnam</span> <span class='ocrx_word' id='word_1_104' title='bbox 301 1270 432 1311; x_wconf 83' lang='lat' dir='ltr'>maxume</span> <span class='ocrx_word' id='word_1_105' title='bbox 452 1252 560 1312; x_wconf 90' lang='lat' dir='ltr'>rubens</span> <span class='ocrx_word' id='word_1_106' title='bbox 581 1262 610 1312; x_wconf 92' lang='lat' dir='ltr'>et</span> <span class='ocrx_word' id='word_1_107' title='bbox 626 1270 711 1331; x_wconf 91' lang='lat' dir='ltr'>quam</span> <span class='ocrx_word' id='word_1_108' title='bbox 732 1254 956 1312; x_wconf 89' lang='lat' dir='ltr'>ramosissimum</span> <span class='ocrx_word' id='word_1_109' title='bbox 973 1271 1028 1311; x_wconf 94' lang='lat' dir='ltr'>nec</span> <span class='ocrx_word' id='word_1_110' title='bbox 1046 1270 1109 1311; x_wconf 91' lang='lat' dir='ltr'>sca·</span> 
     </span>
     <span class='ocr_line' id='line_1_14' title="bbox 112 1334 1154 1413; baseline 0.006 -20"><span class='ocrx_word' id='word_1_111' title='bbox 112 1334 225 1393; x_wconf 87' lang='lat' dir='ltr'>biosum</span> <span class='ocrx_word' id='word_1_112' title='bbox 242 1344 289 1394; x_wconf 91' lang='lat' dir='ltr'>ant</span> <span class='ocrx_word' id='word_1_113' title='bbox 306 1335 450 1413; x_wconf 89' lang='lat' dir='ltr'>lapideum</span> <span class='ocrx_word' id='word_1_114' title='bbox 465 1345 512 1395; x_wconf 91' lang='lat' dir='ltr'>ant</span> <span class='ocrx_word' id='word_1_115' title='bbox 527 1353 628 1396; x_wconf 91' lang='lat' dir='ltr'>rursus</span> <span class='ocrx_word' id='word_1_116' title='bbox 645 1337 729 1395; x_wconf 91' lang='lat' dir='ltr'>inane</span> <span class='ocrx_word' id='word_1_117' title='bbox 745 1345 774 1394; x_wconf 92' lang='lat' dir='ltr'>et</span> <span class='ocrx_word' id='word_1_118' title='bbox 790 1353 960 1396; x_wconf 88' lang='lat' dir='ltr'>concavum.</span> <span class='ocrx_word' id='word_1_119' title='bbox 984 1337 1108 1394; x_wconf 92' lang='lat' dir='ltr'>auctori·</span> <span class='ocrx_word' id='word_1_120' title='bbox 1118 1345 1154 1399; x_wconf 78' lang='lat'>23</span> 
     </span>
     <span class='ocr_line' id='line_1_15' title="bbox 112 1417 1112 1498; baseline 0 -22"><span class='ocrx_word' id='word_1_121' title='bbox 112 1427 156 1477; x_wconf 91' lang='lat' dir='ltr'>tas</span> <span class='ocrx_word' id='word_1_122' title='bbox 173 1417 308 1477; x_wconf 90' lang='lat' dir='ltr'>bacarum</span> <span class='ocrx_word' id='word_1_123' title='bbox 324 1421 386 1477; x_wconf 91' lang='lat' dir='ltr'>eius</span> <span class='ocrx_word' id='word_1_124' title='bbox 400 1436 458 1477; x_wconf 92' lang='lat' dir='ltr'>non</span> <span class='ocrx_word' id='word_1_125' title='bbox 469 1419 702 1479; x_wconf 89' lang='lat' dir='ltr'>minuslndurum</span> <span class='ocrx_word' id='word_1_126' title='bbox 717 1420 786 1478; x_wconf 90' lang='lat' dir='ltr'>viris</span> <span class='ocrx_word' id='word_1_127' title='bbox 798 1436 913 1497; x_wconf 90' lang='lat' dir='ltr'>quoque</span> <span class='ocrx_word' id='word_1_128' title='bbox 924 1420 1053 1498; x_wconf 90' lang='lat' dir='ltr'>pretiosa</span> <span class='ocrx_word' id='word_1_129' title='bbox 1066 1425 1112 1477; x_wconf 91' lang='lat' dir='ltr'>est</span> 
     </span>
     <span class='ocr_line' id='line_1_16' title="bbox 77 1501 1110 1580; baseline 0.003 -24"><span class='ocrx_word' id='word_1_130' title='bbox 77 1516 103 1557; x_wconf 80' lang='lat'>15</span> <span class='ocrx_word' id='word_1_131' title='bbox 114 1519 197 1580; x_wconf 91' lang='lat' dir='ltr'>quam</span> <span class='ocrx_word' id='word_1_132' title='bbox 213 1501 326 1560; x_wconf 91' lang='lat' dir='ltr'>feminis</span> <span class='ocrx_word' id='word_1_133' title='bbox 343 1504 449 1561; x_wconf 92' lang='lat' dir='ltr'>nostris</span> <span class='ocrx_word' id='word_1_134' title='bbox 465 1504 586 1561; x_wconf 85' lang='lat' dir='ltr'>uniones</span> <span class='ocrx_word' id='word_1_135' title='bbox 600 1502 700 1562; x_wconf 90' lang='lat' dir='ltr'>ludici.</span> <span class='ocrx_word' id='word_1_136' title='bbox 726 1502 886 1580; x_wconf 84' lang='lat' dir='ltr'>harispices</span> <span class='ocrx_word' id='word_1_137' title='bbox 900 1519 999 1562; x_wconf 91' lang='lat' dir='ltr'>eorum</span> <span class='ocrx_word' id='word_1_138' title='bbox 1014 1509 1110 1560; x_wconf 87' lang='lat' dir='ltr'>vates·</span> 
     </span>
     <span class='ocr_line' id='line_1_17' title="bbox 113 1584 1110 1663; baseline -0.001 -21"><span class='ocrx_word' id='word_1_139' title='bbox 113 1603 170 1663; x_wconf 92' lang='lat' dir='ltr'>que</span> <span class='ocrx_word' id='word_1_140' title='bbox 186 1586 315 1662; x_wconf 87' lang='lat' dir='ltr'>inprimis</span> <span class='ocrx_word' id='word_1_141' title='bbox 332 1585 501 1661; x_wconf 89' lang='lat' dir='ltr'>religiosum</span> <span class='ocrx_word' id='word_1_142' title='bbox 516 1586 544 1645; x_wconf 89' lang='lat' dir='ltr'>id</span> <span class='ocrx_word' id='word_1_143' title='bbox 561 1595 712 1662; x_wconf 85' lang='lat' dir='ltr'>gestamen</span> <span class='ocrx_word' id='word_1_144' title='bbox 726 1584 896 1646; x_wconf 80' lang='lat' dir='ltr'>amoliendis</span> <span class='ocrx_word' id='word_1_145' title='bbox 912 1584 1051 1663; x_wconf 90' lang='lat' dir='ltr'>periculis</span> <span class='ocrx_word' id='word_1_146' title='bbox 1067 1602 1110 1642; x_wconf 89' lang='lat' dir='ltr'>ar·</span> 
     </span>
     <span class='ocr_line' id='line_1_18' title="bbox 112 1666 1111 1746; baseline 0.001 -21"><span class='ocrx_word' id='word_1_147' title='bbox 112 1667 261 1726; x_wconf 91' lang='lat' dir='ltr'>bitrantur.</span> <span class='ocrx_word' id='word_1_148' title='bbox 283 1670 321 1728; x_wconf 91' lang='lat' dir='ltr'>ita</span> <span class='ocrx_word' id='word_1_149' title='bbox 334 1677 363 1727; x_wconf 92' lang='lat' dir='ltr'>et</span> <span class='ocrx_word' id='word_1_150' title='bbox 380 1668 489 1728; x_wconf 91' lang='lat' dir='ltr'>decore</span> <span class='ocrx_word' id='word_1_151' title='bbox 503 1678 532 1728; x_wconf 92' lang='lat' dir='ltr'>et</span> <span class='ocrx_word' id='word_1_152' title='bbox 547 1670 691 1746; x_wconf 83' lang='lat' dir='ltr'>religione</span> <span class='ocrx_word' id='word_1_153' title='bbox 706 1668 840 1745; x_wconf 88' lang='lat' dir='ltr'>gaudent.</span> <span class='ocrx_word' id='word_1_154' title='bbox 862 1670 940 1746; x_wconf 90' lang='lat' dir='ltr'>prius</span> <span class='ocrx_word' id='word_1_155' title='bbox 958 1686 1042 1746; x_wconf 88' lang='lat' dir='ltr'>quam</span> <span class='ocrx_word' id='word_1_156' title='bbox 1055 1666 1111 1726; x_wconf 91' lang='lat' dir='ltr'>hoc</span> 
     </span>
     <span class='ocr_line' id='line_1_19' title="bbox 111 1751 1111 1829; baseline -0.001 -19"><span class='ocrx_word' id='word_1_157' title='bbox 111 1759 291 1829; x_wconf 84' lang='lat' dir='ltr'>notesceret,</span> <span class='ocrx_word' id='word_1_158' title='bbox 311 1751 385 1812; x_wconf 88' lang='lat' dir='ltr'>Galli</span> <span class='ocrx_word' id='word_1_159' title='bbox 401 1752 526 1828; x_wconf 85' lang='lat' dir='ltr'>gladios,</span> <span class='ocrx_word' id='word_1_160' title='bbox 544 1762 635 1829; x_wconf 90' lang='lat' dir='ltr'>scuta,</span> <span class='ocrx_word' id='word_1_161' title='bbox 650 1752 752 1829; x_wconf 85' lang='lat' dir='ltr'>galeas</span> <span class='ocrx_word' id='word_1_162' title='bbox 769 1752 947 1813; x_wconf 87' lang='lat' dir='ltr'>adornabant</span> <span class='ocrx_word' id='word_1_163' title='bbox 964 1769 1010 1811; x_wconf 92' lang='lat' dir='ltr'>eo.</span> <span class='ocrx_word' id='word_1_164' title='bbox 1035 1768 1111 1810; x_wconf 92' lang='lat' dir='ltr'>nunc</span> 
     </span>
     <span class='ocr_line' id='line_1_20' title="bbox 111 1836 1111 1915; baseline 0 -22"><span class='ocrx_word' id='word_1_165' title='bbox 111 1843 188 1894; x_wconf 91' lang='lat' dir='ltr'>tanta</span> <span class='ocrx_word' id='word_1_166' title='bbox 200 1838 337 1912; x_wconf 88' lang='lat' dir='ltr'>paenuria</span> <span class='ocrx_word' id='word_1_167' title='bbox 349 1845 394 1895; x_wconf 91' lang='lat' dir='ltr'>est</span> <span class='ocrx_word' id='word_1_168' title='bbox 405 1836 542 1896; x_wconf 86' lang='lat' dir='ltr'>vendibili</span> <span class='ocrx_word' id='word_1_169' title='bbox 552 1855 650 1895; x_wconf 91' lang='lat' dir='ltr'>merce</span> <span class='ocrx_word' id='word_1_170' title='bbox 661 1845 690 1896; x_wconf 91' lang='lat' dir='ltr'>ut</span> <span class='ocrx_word' id='word_1_171' title='bbox 699 1855 836 1915; x_wconf 89' lang='lat' dir='ltr'>perquam</span> <span class='ocrx_word' id='word_1_172' title='bbox 852 1854 919 1897; x_wconf 88' lang='lat' dir='ltr'>raro</span> <span class='ocrx_word' id='word_1_173' title='bbox 933 1845 1068 1896; x_wconf 81' lang='lat' dir='ltr'>cernatur</span> <span class='ocrx_word' id='word_1_174' title='bbox 1082 1836 1111 1893; x_wconf 92' lang='lat' dir='ltr'>in</span> 
     </span>
     <span class='ocr_line' id='line_1_21' title="bbox 75 1918 1153 1996; baseline 0.006 -23"><span class='ocrx_word' id='word_1_175' title='bbox 75 1932 163 1978; x_wconf 77' lang='lat' dir='ltr'>aosuo</span> <span class='ocrx_word' id='word_1_176' title='bbox 180 1919 262 1978; x_wconf 90' lang='lat' dir='ltr'>orbe.</span> <span class='ocrx_word' id='word_1_177' title='bbox 287 1920 395 1979; x_wconf 91' lang='lat' dir='ltr'>surculi</span> <span class='ocrx_word' id='word_1_178' title='bbox 412 1920 548 1980; x_wconf 85' lang='lat' dir='ltr'>infantiae</span> <span class='ocrx_word' id='word_1_179' title='bbox 564 1920 711 1996; x_wconf 86' lang='lat' dir='ltr'>adalligati</span> <span class='ocrx_word' id='word_1_180' title='bbox 726 1921 841 1980; x_wconf 90' lang='lat' dir='ltr'>tutelam</span> <span class='ocrx_word' id='word_1_181' title='bbox 860 1919 969 1980; x_wconf 89' lang='lat' dir='ltr'>habere</span> <span class='ocrx_word' id='word_1_182' title='bbox 986 1918 1106 1978; x_wconf 88' lang='lat' dir='ltr'>credun·</span> <span class='ocrx_word' id='word_1_183' title='bbox 1119 1929 1153 1979; x_wconf 75' lang='lat'>24</span> 
     </span>
     <span class='ocr_line' id='line_1_22' title="bbox 110 2000 1109 2081; baseline -0.002 -20"><span class='ocrx_word' id='word_1_184' title='bbox 110 2011 155 2062; x_wconf 92' lang='lat' dir='ltr'>tur</span> <span class='ocrx_word' id='word_1_185' title='bbox 168 2011 328 2081; x_wconf 88' lang='lat' dir='ltr'>contraque</span> <span class='ocrx_word' id='word_1_186' title='bbox 339 2006 490 2062; x_wconf 86' lang='lat' dir='ltr'>torminum</span> <span class='ocrx_word' id='word_1_187' title='bbox 501 2021 536 2062; x_wconf 92' lang='lat' dir='ltr'>ac</span> <span class='ocrx_word' id='word_1_188' title='bbox 547 2005 666 2061; x_wconf 89' lang='lat' dir='ltr'>vesicae</span> <span class='ocrx_word' id='word_1_189' title='bbox 681 2019 715 2061; x_wconf 92' lang='lat' dir='ltr'>ac</span> <span class='ocrx_word' id='word_1_190' title='bbox 728 2003 903 2062; x_wconf 90' lang='lat' dir='ltr'>calculorum</span> <span class='ocrx_word' id='word_1_191' title='bbox 914 2002 988 2061; x_wconf 88' lang='lat' dir='ltr'>mala</span> <span class='ocrx_word' id='word_1_192' title='bbox 1002 2005 1031 2060; x_wconf 89' lang='lat' dir='ltr'>in</span> <span class='ocrx_word' id='word_1_193' title='bbox 1046 2000 1109 2078; x_wconf 92' lang='lat' dir='ltr'>pnl-</span> 
     </span>
     <span class='ocr_line' id='line_1_23' title="bbox 108 2084 1109 2164; baseline -0.001 -21"><span class='ocrx_word' id='word_1_194' title='bbox 108 2103 208 2144; x_wconf 88' lang='lat' dir='ltr'>verem</span> <span class='ocrx_word' id='word_1_195' title='bbox 220 2087 279 2162; x_wconf 87' lang='lat' dir='ltr'>igni</span> <span class='ocrx_word' id='word_1_196' title='bbox 293 2084 403 2144; x_wconf 87' lang='lat' dir='ltr'>redacti</span> <span class='ocrx_word' id='word_1_197' title='bbox 421 2087 481 2164; x_wconf 95' lang='lat' dir='ltr'>poti</span> <span class='ocrx_word' id='word_1_198' title='bbox 497 2104 552 2163; x_wconf 90' lang='lat' dir='ltr'>que</span> <span class='ocrx_word' id='word_1_199' title='bbox 565 2103 629 2146; x_wconf 90' lang='lat' dir='ltr'>cum</span> <span class='ocrx_word' id='word_1_200' title='bbox 645 2103 717 2163; x_wconf 91' lang='lat' dir='ltr'>aqna</span> <span class='ocrx_word' id='word_1_201' title='bbox 731 2084 911 2160; x_wconf 85' lang='lat' dir='ltr'>auxiliantur,</span> <span class='ocrx_word' id='word_1_202' title='bbox 927 2085 1010 2143; x_wconf 90' lang='lat' dir='ltr'>simili</span> <span class='ocrx_word' id='word_1_203' title='bbox 1022 2085 1109 2144; x_wconf 91' lang='lat' dir='ltr'>modo</span> 
     </span>
     <span class='ocr_line' id='line_1_24' title="bbox 110 2168 1109 2247; baseline 0 -19"><span class='ocrx_word' id='word_1_204' title='bbox 110 2188 149 2228; x_wconf 90' lang='lat' dir='ltr'>ex</span> <span class='ocrx_word' id='word_1_205' title='bbox 166 2169 233 2228; x_wconf 86' lang='lat' dir='ltr'>vino</span> <span class='ocrx_word' id='word_1_206' title='bbox 253 2170 315 2246; x_wconf 92' lang='lat' dir='ltr'>poti</span> <span class='ocrx_word' id='word_1_207' title='bbox 335 2177 398 2244; x_wconf 91' lang='lat' dir='ltr'>aut,</span> <span class='ocrx_word' id='word_1_208' title='bbox 419 2171 442 2228; x_wconf 89' lang='lat' dir='ltr'>si</span> <span class='ocrx_word' id='word_1_209' title='bbox 454 2168 545 2229; x_wconf 89' lang='lat' dir='ltr'>febris</span> <span class='ocrx_word' id='word_1_210' title='bbox 561 2171 612 2245; x_wconf 86' lang='lat' dir='ltr'>sit,</span> <span class='ocrx_word' id='word_1_211' title='bbox 630 2187 667 2227; x_wconf 89' lang='lat' dir='ltr'>ex</span> <span class='ocrx_word' id='word_1_212' title='bbox 682 2185 755 2247; x_wconf 92' lang='lat' dir='ltr'>aqua</span> <span class='ocrx_word' id='word_1_213' title='bbox 768 2186 896 2228; x_wconf 90' lang='lat' dir='ltr'>somnum</span> <span class='ocrx_word' id='word_1_214' title='bbox 909 2169 1051 2243; x_wconf 91' lang='lat' dir='ltr'>adferunt,</span> <span class='ocrx_word' id='word_1_215' title='bbox 1065 2201 1109 2212; x_wconf 92' lang='lat'><em>-</em></span> 
     </span>
     <span class='ocr_line' id='line_1_25' title="bbox 110 2252 1108 2332; baseline 0.001 -22"><span class='ocrx_word' id='word_1_216' title='bbox 110 2252 225 2328; x_wconf 84' lang='lat' dir='ltr'>ignibus</span> <span class='ocrx_word' id='word_1_217' title='bbox 242 2253 289 2312; x_wconf 89' lang='lat' dir='ltr'>din</span> <span class='ocrx_word' id='word_1_218' title='bbox 303 2263 457 2331; x_wconf 89' lang='lat' dir='ltr'>repugnat,</span> <span class='ocrx_word' id='word_1_219' title='bbox 466 2286 509 2300; x_wconf 88' lang='lat'>—</span> <span class='ocrx_word' id='word_1_220' title='bbox 525 2253 577 2313; x_wconf 88' lang='lat' dir='ltr'>sed</span> <span class='ocrx_word' id='word_1_221' title='bbox 590 2252 694 2313; x_wconf 89' lang='lat' dir='ltr'>eodem</span> <span class='ocrx_word' id='word_1_222' title='bbox 706 2252 893 2314; x_wconf 87' lang='lat' dir='ltr'>medicamine</span> <span class='ocrx_word' id='word_1_223' title='bbox 906 2253 1025 2330; x_wconf 90' lang='lat' dir='ltr'>saepius</span> <span class='ocrx_word' id='word_1_224' title='bbox 1037 2260 1108 2332; x_wconf 92' lang='lat' dir='ltr'>poto</span> 
     </span>
     <span class='ocr_line' id='line_1_26' title="bbox 74 2335 1107 2416; baseline 0.005 -25"><span class='ocrx_word' id='word_1_225' title='bbox 74 2336 224 2395; x_wconf 79' lang='lat' dir='ltr'>actradnnt</span> <span class='ocrx_word' id='word_1_226' title='bbox 246 2335 350 2396; x_wconf 90' lang='lat' dir='ltr'>lienem</span> <span class='ocrx_word' id='word_1_227' title='bbox 372 2354 488 2416; x_wconf 90' lang='lat' dir='ltr'>quoque</span> <span class='ocrx_word' id='word_1_228' title='bbox 512 2337 632 2397; x_wconf 89' lang='lat' dir='ltr'>absumi.</span> <span class='ocrx_word' id='word_1_229' title='bbox 663 2339 831 2413; x_wconf 90' lang='lat' dir='ltr'>sangninem</span> <span class='ocrx_word' id='word_1_230' title='bbox 851 2337 1036 2397; x_wconf 91' lang='lat' dir='ltr'>reicientibus</span> <span class='ocrx_word' id='word_1_231' title='bbox 1058 2355 1107 2396; x_wconf 92' lang='lat' dir='ltr'>ex·</span> 
     </span>
     <span class='ocr_line' id='line_1_27' title="bbox 109 2419 1108 2495; baseline 0 -17"><span class='ocrx_word' id='word_1_232' title='bbox 109 2419 328 2479; x_wconf 86' lang='lat' dir='ltr'>screantibusve</span> <span class='ocrx_word' id='word_1_233' title='bbox 343 2421 473 2480; x_wconf 89' lang='lat' dir='ltr'>medetur</span> <span class='ocrx_word' id='word_1_234' title='bbox 489 2422 560 2480; x_wconf 88' lang='lat' dir='ltr'>cinis</span> <span class='ocrx_word' id='word_1_235' title='bbox 578 2437 688 2495; x_wconf 91' lang='lat' dir='ltr'>eorum,</span> <span class='ocrx_word' id='word_1_236' title='bbox 704 2422 840 2479; x_wconf 90' lang='lat' dir='ltr'>miscetur</span> <span class='ocrx_word' id='word_1_237' title='bbox 855 2420 1005 2480; x_wconf 90' lang='lat' dir='ltr'>oculorum</span> <span class='ocrx_word' id='word_1_238' title='bbox 1021 2420 1108 2479; x_wconf 88' lang='lat' dir='ltr'>medi·</span> 
     </span>
     <span class='ocr_line' id='line_1_28' title="bbox 110 2502 1107 2581; baseline 0 -20"><span class='ocrx_word' id='word_1_239' title='bbox 110 2504 264 2576; x_wconf 81' lang='lat' dir='ltr'>cementis,</span> <span class='ocrx_word' id='word_1_240' title='bbox 287 2504 395 2579; x_wconf 88' lang='lat' dir='ltr'>spissat</span> <span class='ocrx_word' id='word_1_241' title='bbox 417 2504 491 2561; x_wconf 92' lang='lat' dir='ltr'>enim</span> <span class='ocrx_word' id='word_1_242' title='bbox 512 2522 547 2562; x_wconf 92' lang='lat' dir='ltr'>ac</span> <span class='ocrx_word' id='word_1_243' title='bbox 569 2503 740 2579; x_wconf 84' lang='lat' dir='ltr'>refrigerat,</span> <span class='ocrx_word' id='word_1_244' title='bbox 764 2502 890 2561; x_wconf 91' lang='lat' dir='ltr'>ulcerum</span> <span class='ocrx_word' id='word_1_245' title='bbox 906 2520 978 2563; x_wconf 90' lang='lat' dir='ltr'>cava</span> <span class='ocrx_word' id='word_1_246' title='bbox 997 2503 1107 2581; x_wconf 87' lang='lat' dir='ltr'>explet,</span> 
     </span>
     <span class='ocr_line' id='line_1_29' title="bbox 110 2587 424 2644; baseline -0.003 0"><span class='ocrx_word' id='word_1_247' title='bbox 110 2587 264 2644; x_wconf 87' lang='lat' dir='ltr'>cicatrices</span> <span class='ocrx_word' id='word_1_248' title='bbox 279 2594 424 2643; x_wconf 87' lang='lat' dir='ltr'>extenuat.</span> 
     </span>
     <span class='ocr_line' id='line_1_30' title="bbox 173 2667 1151 2745; baseline 0.007 -20"><span class='ocrx_word' id='word_1_249' title='bbox 173 2668 257 2743; x_wconf 84' lang='lat'>(12.)</span> <span class='ocrx_word' id='word_1_250' title='bbox 282 2667 366 2741; x_wconf 82' lang='lat' dir='ltr'>Quod</span> <span class='ocrx_word' id='word_1_251' title='bbox 381 2667 417 2726; x_wconf 88' lang='lat' dir='ltr'>ad</span> <span class='ocrx_word' id='word_1_252' title='bbox 434 2670 651 2744; x_wconf 90' lang='lat' dir='ltr'>repugnantiam</span> <span class='ocrx_word' id='word_1_253' title='bbox 666 2684 761 2725; x_wconf 91' lang='lat' dir='ltr'>rerum</span> <span class='ocrx_word' id='word_1_254' title='bbox 777 2668 886 2742; x_wconf 88' lang='lat' dir='ltr'>attinet,</span> <span class='ocrx_word' id='word_1_255' title='bbox 904 2685 988 2745; x_wconf 90' lang='lat' dir='ltr'>qnam</span> <span class='ocrx_word' id='word_1_256' title='bbox 1003 2669 1106 2729; x_wconf 84' lang='lat' dir='ltr'>Graeci</span> <span class='ocrx_word' id='word_1_257' title='bbox 1117 2679 1151 2732; x_wconf 78' lang='lat' dir='ltr'>at</span> 
     </span>
     <span class='ocr_line' id='line_1_31' title="bbox 73 2749 1108 2829; baseline 0.002 -21"><span class='ocrx_word' id='word_1_258' title='bbox 73 2767 100 2809; x_wconf 87' lang='lat' dir='ltr'>ao</span> <span class='ocrx_word' id='word_1_259' title='bbox 108 2749 286 2826; x_wconf 89' lang='lat' dir='ltr'>antipathian</span> <span class='ocrx_word' id='word_1_260' title='bbox 301 2758 417 2824; x_wconf 84' lang='lat' dir='ltr'>vocant,</span> <span class='ocrx_word' id='word_1_261' title='bbox 434 2750 503 2809; x_wconf 86' lang='lat' dir='ltr'>nihil</span> <span class='ocrx_word' id='word_1_262' title='bbox 520 2760 699 2829; x_wconf 85' lang='lat' dir='ltr'>estnequam</span> <span class='ocrx_word' id='word_1_263' title='bbox 711 2751 881 2810; x_wconf 89' lang='lat' dir='ltr'>venenatius</span> <span class='ocrx_word' id='word_1_264' title='bbox 897 2769 980 2828; x_wconf 89' lang='lat' dir='ltr'>quam</span> <span class='ocrx_word' id='word_1_265' title='bbox 996 2752 1108 2810; x_wconf 90' lang='lat' dir='ltr'>inmari</span> 
     </span>
     <span class='ocr_line' id='line_1_32' title="bbox 108 2833 1150 2912; baseline -0.005 -20"><span class='ocrx_word' id='word_1_266' title='bbox 108 2833 267 2912; x_wconf 90' lang='lat' dir='ltr'>pastinaca,</span> <span class='ocrx_word' id='word_1_267' title='bbox 283 2841 384 2910; x_wconf 90' lang='lat' dir='ltr'>utpote</span> <span class='ocrx_word' id='word_1_268' title='bbox 402 2851 466 2892; x_wconf 91' lang='lat' dir='ltr'>cnm</span> <span class='ocrx_word' id='word_1_269' title='bbox 482 2833 562 2894; x_wconf 89' lang='lat' dir='ltr'>radio</span> <span class='ocrx_word' id='word_1_270' title='bbox 578 2837 639 2893; x_wconf 91' lang='lat' dir='ltr'>eius</span> <span class='ocrx_word' id='word_1_271' title='bbox 657 2833 779 2893; x_wconf 89' lang='lat' dir='ltr'>arbores</span> <span class='ocrx_word' id='word_1_272' title='bbox 797 2835 896 2894; x_wconf 89' lang='lat' dir='ltr'>necari</span> <span class='ocrx_word' id='word_1_273' title='bbox 913 2835 1076 2895; x_wconf 85' lang='lat' dir='ltr'>dixerimus.</span> <span class='ocrx_word' id='word_1_274' title='bbox 1092 2854 1150 2896; x_wconf 62' lang='lat' dir='ltr'>uam</span> 
     </span>
     <span class='ocr_line' id='line_1_33' title="bbox 107 2917 1106 2998; baseline 0.001 -21"><span class='ocrx_word' id='word_1_275' title='bbox 107 2918 182 2977; x_wconf 91' lang='lat' dir='ltr'>hanc</span> <span class='ocrx_word' id='word_1_276' title='bbox 197 2926 292 2976; x_wconf 89' lang='lat' dir='ltr'>tamen</span> <span class='ocrx_word' id='word_1_277' title='bbox 308 2921 492 2996; x_wconf 89' lang='lat' dir='ltr'>persequitur</span> <span class='ocrx_word' id='word_1_278' title='bbox 505 2918 623 2996; x_wconf 88' lang='lat' dir='ltr'>galeos,</span> <span class='ocrx_word' id='word_1_279' title='bbox 646 2917 721 2977; x_wconf 90' lang='lat' dir='ltr'>idem</span> <span class='ocrx_word' id='word_1_280' title='bbox 743 2926 771 2977; x_wconf 92' lang='lat' dir='ltr'>et</span> <span class='ocrx_word' id='word_1_281' title='bbox 790 2917 864 2978; x_wconf 90' lang='lat' dir='ltr'>alios</span> <span class='ocrx_word' id='word_1_282' title='bbox 880 2919 993 2998; x_wconf 90' lang='lat' dir='ltr'>quidem</span> <span class='ocrx_word' id='word_1_283' title='bbox 1008 2921 1106 2997; x_wconf 88' lang='lat' dir='ltr'>piscis,</span> 
     </span>
     <span class='ocr_line' id='line_1_34' title="bbox 107 3001 1108 3083; baseline 0.002 -23"><span class='ocrx_word' id='word_1_284' title='bbox 107 3001 159 3060; x_wconf 93' lang='lat' dir='ltr'>sed</span> <span class='ocrx_word' id='word_1_285' title='bbox 176 3001 340 3079; x_wconf 90' lang='lat' dir='ltr'>pastinacas</span> <span class='ocrx_word' id='word_1_286' title='bbox 356 3005 524 3080; x_wconf 87' lang='lat' dir='ltr'>praecipue,</span> <span class='ocrx_word' id='word_1_287' title='bbox 540 3003 614 3063; x_wconf 91' lang='lat' dir='ltr'>sicut</span> <span class='ocrx_word' id='word_1_288' title='bbox 628 3003 656 3061; x_wconf 91' lang='lat' dir='ltr'>in</span> <span class='ocrx_word' id='word_1_289' title='bbox 671 3011 748 3062; x_wconf 88' lang='lat' dir='ltr'>terra</span> <span class='ocrx_word' id='word_1_290' title='bbox 764 3004 885 3064; x_wconf 92' lang='lat' dir='ltr'>mustela</span> <span class='ocrx_word' id='word_1_291' title='bbox 902 3005 1108 3083; x_wconf 86' lang='lat' dir='ltr'>serpentis,—</span> 
     </span>
     <span class='ocr_line' id='line_1_35' title="bbox 107 3084 1106 3164; baseline 0.001 -20"><span class='ocrx_word' id='word_1_292' title='bbox 107 3093 184 3145; x_wconf 91' lang='lat' dir='ltr'>tanta</span> <span class='ocrx_word' id='word_1_293' title='bbox 198 3094 242 3144; x_wconf 90' lang='lat' dir='ltr'>est</span> <span class='ocrx_word' id='word_1_294' title='bbox 259 3084 380 3144; x_wconf 90' lang='lat' dir='ltr'>aviditas</span> <span class='ocrx_word' id='word_1_295' title='bbox 397 3088 488 3164; x_wconf 89' lang='lat' dir='ltr'>ipsius</span> <span class='ocrx_word' id='word_1_296' title='bbox 503 3089 617 3163; x_wconf 84' lang='lat' dir='ltr'>veneni,</span> <span class='ocrx_word' id='word_1_297' title='bbox 633 3121 675 3132; x_wconf 89' lang='lat'><em>-</em></span> <span class='ocrx_word' id='word_1_298' title='bbox 690 3088 839 3164; x_wconf 89' lang='lat' dir='ltr'>percussis</span> <span class='ocrx_word' id='word_1_299' title='bbox 853 3106 924 3148; x_wconf 91' lang='lat' dir='ltr'>vero</span> <span class='ocrx_word' id='word_1_300' title='bbox 943 3087 980 3149; x_wconf 91' lang='lat' dir='ltr'>ab</span> <span class='ocrx_word' id='word_1_301' title='bbox 996 3105 1032 3146; x_wconf 90' lang='lat' dir='ltr'>ea</span> <span class='ocrx_word' id='word_1_302' title='bbox 1049 3105 1106 3146; x_wconf 91' lang='lat' dir='ltr'>me-</span> 
     </span>
     <span class='ocr_line' id='line_1_36' title="bbox 74 3168 1149 3250; baseline 0.009 -24"><span class='ocrx_word' id='word_1_303' title='bbox 74 3169 210 3228; x_wconf 76' lang='lat' dir='ltr'>ardentnr</span> <span class='ocrx_word' id='word_1_304' title='bbox 226 3177 255 3228; x_wconf 89' lang='lat' dir='ltr'>et</span> <span class='ocrx_word' id='word_1_305' title='bbox 271 3168 300 3227; x_wconf 90' lang='lat' dir='ltr'>hi</span> <span class='ocrx_word' id='word_1_306' title='bbox 314 3168 427 3245; x_wconf 89' lang='lat' dir='ltr'>quidem</span> <span class='ocrx_word' id='word_1_307' title='bbox 445 3170 497 3229; x_wconf 91' lang='lat' dir='ltr'>sed</span> <span class='ocrx_word' id='word_1_308' title='bbox 513 3179 541 3230; x_wconf 93' lang='lat' dir='ltr'>et</span> <span class='ocrx_word' id='word_1_309' title='bbox 556 3170 660 3249; x_wconf 88' lang='lat' dir='ltr'>mullus</span> <span class='ocrx_word' id='word_1_310' title='bbox 676 3189 711 3230; x_wconf 88' lang='lat' dir='ltr'>ac</span> <span class='ocrx_word' id='word_1_311' title='bbox 725 3172 812 3248; x_wconf 91' lang='lat' dir='ltr'>laser,</span> <span class='ocrx_word' id='word_1_312' title='bbox 835 3171 862 3230; x_wconf 89' lang='grc'>3.</span> <span class='ocrx_word' id='word_1_313' title='bbox 881 3172 964 3250; x_wconf 86' lang='grc'>(13.)</span> <span class='ocrx_word' id='word_1_314' title='bbox 989 3179 1103 3250; x_wconf 89' lang='lat' dir='ltr'>specta·</span> <span class='ocrx_word' id='word_1_315' title='bbox 1115 3181 1149 3236; x_wconf 81' lang='lat'>26</span> 
     </span>
     <span class='ocr_line' id='line_1_37' title="bbox 106 3251 1105 3332; baseline 0.003 -22"><span class='ocrx_word' id='word_1_316' title='bbox 106 3251 157 3311; x_wconf 91' lang='lat' dir='ltr'>bili</span> <span class='ocrx_word' id='word_1_317' title='bbox 182 3262 301 3311; x_wconf 92' lang='lat' dir='ltr'>naturae</span> <span class='ocrx_word' id='word_1_318' title='bbox 332 3254 477 3329; x_wconf 90' lang='lat' dir='ltr'>potentia,</span> <span class='ocrx_word' id='word_1_319' title='bbox 511 3255 540 3312; x_wconf 91' lang='lat' dir='ltr'>in</span> <span class='ocrx_word' id='word_1_320' title='bbox 573 3256 608 3312; x_wconf 90' lang='lat' dir='ltr'>iis</span> <span class='ocrx_word' id='word_1_321' title='bbox 639 3272 754 3332; x_wconf 91' lang='lat' dir='ltr'>qnoque</span> <span class='ocrx_word' id='word_1_322' title='bbox 787 3254 888 3332; x_wconf 91' lang='lat' dir='ltr'>quibus</span> <span class='ocrx_word' id='word_1_323' title='bbox 913 3263 942 3314; x_wconf 92' lang='lat' dir='ltr'>et</span> <span class='ocrx_word' id='word_1_324' title='bbox 969 3256 1105 3315; x_wconf 89' lang='lat' dir='ltr'>interris</span> 
     </span>
     <span class='ocr_line' id='line_1_38' title="bbox 105 3335 1104 3415; baseline 0.002 -21"><span class='ocrx_word' id='word_1_325' title='bbox 105 3336 200 3394; x_wconf 83' lang='lat' dir='ltr'>victus</span> <span class='ocrx_word' id='word_1_326' title='bbox 229 3343 288 3411; x_wconf 90' lang='lat' dir='ltr'>est,</span> <span class='ocrx_word' id='word_1_327' title='bbox 318 3336 393 3395; x_wconf 90' lang='lat' dir='ltr'>sicut</span> <span class='ocrx_word' id='word_1_328' title='bbox 421 3335 501 3395; x_wconf 87' lang='lat' dir='ltr'>fibris</span> <span class='ocrx_word' id='word_1_329' title='bbox 529 3355 603 3415; x_wconf 90' lang='lat' dir='ltr'>qnos</span> <span class='ocrx_word' id='word_1_330' title='bbox 626 3346 755 3398; x_wconf 89' lang='lat' dir='ltr'>castoras</span> <span class='ocrx_word' id='word_1_331' title='bbox 778 3346 884 3397; x_wconf 87' lang='lat' dir='ltr'>vocant</span> <span class='ocrx_word' id='word_1_332' title='bbox 912 3347 941 3398; x_wconf 90' lang='lat' dir='ltr'>et</span> <span class='ocrx_word' id='word_1_333' title='bbox 971 3347 1104 3398; x_wconf 88' lang='lat' dir='ltr'>castorea</span> 
     </span>
    </p>
   </div>
   <div class='ocr_carea' id='block_1_3' title="bbox 106 3420 1105 3566">
    <p class='ocr_par' dir='ltr' id='par_1_3' title="bbox 106 3420 1105 3566">
     <span class='ocr_line' id='line_1_39' title="bbox 106 3420 1105 3500; baseline 0.004 -23"><span class='ocrx_word' id='word_1_334' title='bbox 106 3421 190 3477; x_wconf 90' lang='lat' dir='ltr'>testis</span> <span class='ocrx_word' id='word_1_335' title='bbox 211 3436 319 3478; x_wconf 89' lang='lat' dir='ltr'>eorum.</span> <span class='ocrx_word' id='word_1_336' title='bbox 353 3422 492 3497; x_wconf 89' lang='lat' dir='ltr'>amputari</span> <span class='ocrx_word' id='word_1_337' title='bbox 515 3420 569 3481; x_wconf 85' lang='lat' dir='ltr'>lros</span> <span class='ocrx_word' id='word_1_338' title='bbox 584 3420 621 3479; x_wconf 89' lang='lat' dir='ltr'>ab</span> <span class='ocrx_word' id='word_1_339' title='bbox 642 3423 729 3499; x_wconf 91' lang='lat' dir='ltr'>ipsis,</span> <span class='ocrx_word' id='word_1_340' title='bbox 751 3439 816 3481; x_wconf 90' lang='lat' dir='ltr'>cum</span> <span class='ocrx_word' id='word_1_341' title='bbox 832 3422 996 3500; x_wconf 88' lang='lat' dir='ltr'>capiantur,</span> <span class='ocrx_word' id='word_1_342' title='bbox 1018 3433 1105 3500; x_wconf 88' lang='lat' dir='ltr'>negat</span> 
     </span>
     <span class='ocr_line' id='line_1_40' title="bbox 153 3507 940 3566; baseline 0.01 -9"><span class='ocrx_word' id='word_1_343' title='bbox 153 3521 222 3563; x_wconf 75' lang='lat' dir='ltr'>earn.</span> <span class='ocrx_word' id='word_1_344' title='bbox 238 3522 302 3562; x_wconf 76' lang='lat' dir='ltr'>nar.</span> <span class='ocrx_word' id='word_1_345' title='bbox 317 3523 387 3564; x_wconf 84' lang='lat' dir='ltr'>nrsr.</span> <span class='ocrx_word' id='word_1_346' title='bbox 412 3507 459 3564; x_wconf 92' lang='lat' dir='ltr'>lV.</span> <span class='ocrx_word' id='word_1_347' title='bbox 899 3507 940 3566; x_wconf 75' lang='lat' dir='ltr'>qq</span> 
     </span>
    </p>
   </div>
   <div class='ocr_carea' id='block_1_4' title="bbox 0 0 1229 3840">
    <p class='ocr_par' dir='ltr' id='par_1_4' title="bbox 0 0 1229 3840">
     <span class='ocr_line' id='line_1_41' title="bbox 0 0 1229 3840; baseline 0 0"><span class='ocrx_word' id='word_1_348' title='bbox 0 0 1229 3840; x_wconf 95' lang='lat' dir='ltr'> </span> 
     </span>
    </p>
   </div>
  </div>
 </body>
</html>
