2400 3840
137 181 200 243 220
472 193 503 241 c.
526 191 622 239 seusu
641 189 792 247 seconor

137 349 231 408 herint
245 347 384 423 lentigine
400 345 527 406 obducit.
553 343 591 404 oh
608 344 708 404 hocin
723 349 870 419 unguento
884 349 988 402 necant
1005 358 1072 401 euna
1086 340 1127 401 in-

139 432 276 492 sidiantes
291 430 428 509 pellicum
444 430 565 490 formae.
595 426 752 486 remedium
768 435 814 485 cst
828 426 877 483 ori
892 424 999 484 intem
1019 433 1050 484 et
1070 422 1128 484 niel
1180 426 1183 505 J

139 533 174 575 ac
188 516 299 573 nitrum.
326 513 367 573 tei
382 512 534 573 stelionum
549 513 643 570 tritum
659 512 688 568 in
703 527 778 586 aqna
793 508 930 568 mosmias
944 523 1129 584 congregare
1179 536 1185 615 p

139 597 251 657 dicitur.

96 691 130 746 74
194 678 277 758 (23.)
299 679 377 738 luter
390 679 482 739 omnia
494 686 636 737 venenata
651 675 847 736 salamandrae
856 674 955 735 scelos
967 692 1151 738 maxnmnmt

138 773 192 824 est.
233 772 331 823 cetera
346 763 420 821 enim
434 760 565 837 singulos
580 761 701 835 feriunt,
723 777 778 819 nec
792 759 884 838 pluris
899 761 1009 835 pariter
1023 760 1128 818 intere·

138 856 234 922 mont,
258 854 289 905 ut
302 846 429 904 omittam
447 842 524 922 quod
547 845 643 922 perire
665 843 841 902 conscientia
864 841 996 901 dicontur
1013 840 1130 901 homine

138 946 279 1010 percusso
294 946 388 1005 neque
404 927 526 1006 amplios
541 927 649 986 admitti
662 926 697 986 ad
710 935 820 1001 terras,
841 924 1022 984 salamandra
1039 941 1128 1003 popu·

138 1015 184 1073 los
198 1013 306 1089 pariter
320 1029 427 1071 necare
441 1011 610 1088 inprovidos
624 1018 731 1088 potest.
766 1026 829 1069 nam
846 1010 871 1067 si
886 1007 983 1068 arhori
998 1007 1129 1084 inrepsit,
1194 1074 1196 1085 Ι

138 1095 232 1155 omnia
246 1111 331 1172 poma
345 1095 433 1155 inficit
454 1112 582 1170 veneno,
600 1103 629 1153 et
642 1110 694 1152 eos
715 1095 763 1170 qui
787 1092 899 1152 ederint
919 1099 1005 1151 necat
1025 1090 1159 1169 frigidata
1193 1104 1196 1121 ²

96 1187 130 1243 75
143 1180 169 1237 vi
188 1177 257 1236 nihil
271 1179 384 1238 aconito
401 1178 517 1238 distans.
551 1178 717 1257 quinimmo
732 1185 865 1237 contacto
880 1175 915 1236 ah
930 1193 965 1236 ca
979 1173 1063 1252 ligno
1083 1173 1129 1234 vel

139 1260 226 1339 lapidi
242 1263 265 1321 si
278 1271 375 1322 omsta
387 1268 469 1340 panis
482 1264 663 1340 incoquatur,
676 1260 751 1319 idem
762 1260 943 1336 venalicium,
959 1261 1024 1319 etsi
1039 1261 1071 1318 in
1080 1275 1129 1338 pn·

141 1355 217 1405 teum
232 1344 325 1420 cadat,
344 1347 452 1424 quippe
469 1364 532 1406 cum
546 1345 639 1404 salira
654 1345 717 1403 eius
733 1361 912 1422 quacumque
925 1352 1011 1422 parte
1025 1356 1129 1421 corpo·
1194 1346 1196 1353 '

137 1430 178 1489 ris
193 1429 241 1489 vel
261 1430 289 1488 in
311 1429 388 1507 pede
407 1431 463 1489 imo
486 1447 622 1506 respersa
638 1428 730 1487 omnis
745 1429 773 1486 in
797 1435 859 1487 toto
880 1442 1008 1504 corpore
1026 1425 1130 1487 deilnat

139 1513 224 1591 pilus.
254 1521 348 1572 tamen
370 1513 434 1572 talis
457 1531 491 1572 ao
509 1513 577 1572 tanti
601 1512 703 1570 veneni
729 1529 745 1569 a
769 1509 936 1587 qnihnsdam
958 1508 1158 1583 animalion‚u

140 1605 170 1655 ot
184 1595 290 1671 subus,
312 1595 451 1654 manditur
469 1596 632 1655 dominante
654 1593 755 1652 eadem
770 1593 819 1652 illa
840 1611 935 1652 rernm
951 1591 1128 1652 dissidentia.

98 1686 283 1742 tovenennm
298 1677 360 1735 eius
374 1680 513 1754 restingui
531 1681 650 1754 primurn
665 1677 789 1735 omnium
806 1675 843 1735 ah
858 1674 904 1735 his
920 1692 994 1751 qnae
1010 1691 1128 1734 resoso-

140 1769 184 1818 tur
198 1758 248 1818 illa
259 1759 414 1818 verisimile
426 1769 480 1836 est,
493 1778 530 1818 ex
544 1760 671 1819 hisvero
685 1777 759 1837 quac
771 1760 928 1838 produntur
938 1757 1131 1818 cantharidum

142 1850 212 1919 potu
227 1850 274 1900 aut
291 1840 401 1901 lacerta
417 1844 446 1900 in
463 1842 529 1903 cibo
546 1851 667 1920 sumpta.
696 1851 794 1902 cetera
814 1841 995 1902 adversantia
1010 1840 1130 1900 diximus

142 1924 326 2003 dicemusque
338 1925 489 1986 suislocis.
509 1944 547 1986 ex
558 1927 622 2004 ipsa
630 1925 787 2004 quaehiagi
794 1925 906 1984 tradunt
920 1932 1021 1984 contra
1033 1926 1160 1983 incer-st

142 2007 197 2085 dia,
213 2010 346 2085 quoniam
363 2010 438 2085 ignis
454 2010 517 2070 sola
532 2009 692 2070 animalium
710 2010 885 2085 exstinguat,
902 2008 927 2067 si
940 2006 1038 2066 torent
1052 2022 1131 2083 vera,

141 2092 196 2150 iam
212 2102 292 2151 esset
307 2102 428 2170 experta
441 2094 543 2153 Roma.
574 2093 690 2152 Sentius
707 2109 843 2150 venerem
857 2089 979 2151 accendi
1002 2089 1070 2150 oiho
1086 2105 1130 2148 ea·
1194 2156 1196 2161 ,

141 2191 213 2248 curn,
230 2177 254 2232 si
270 2175 408 2234 detractis
422 2176 579 2236 interaneis
595 2184 624 2234 ct
640 2174 762 2253 pedibus
775 2183 803 2234 et
815 2176 910 2251 capite
923 2174 952 2231 in
966 2172 1054 2232 melle
1071 2190 1131 2231 ser·

141 2264 254 2329 ventor,
270 2257 356 2315 tradit
370 2267 515 2336 negatque
535 2259 675 2334 restingui
690 2260 786 2335 ignem
797 2257 834 2317 ah
848 2258 893 2316 iis.

99 2347 132 2401 77
197 2335 280 2413 (24.)
303 2337 348 2397 Ex
369 2339 534 2399 volucribus
558 2341 588 2399 in
610 2341 743 2401 auxilium
763 2349 863 2400 contra
883 2341 1028 2417 serpentis
1049 2337 1162 2417 primia

142 2417 281 2479 voltures.
317 2421 478 2482 adnotatum
494 2441 610 2503 qnoque
627 2425 718 2484 minus
731 2425 833 2484 virium
848 2442 915 2483 esse
932 2423 1031 2499 nigris.
1071 2424 1131 2500 pin·

143 2519 240 2562 narum
255 2521 292 2563 ex
306 2504 350 2563 his
364 2505 476 2582 nidore,
498 2508 523 2565 si
542 2517 667 2582 urantur,
682 2508 778 2584 iugari
792 2524 843 2567 eas
856 2506 968 2581 dicunt,
988 2507 1059 2565 item
1081 2521 1134 2565 cor

144 2586 205 2644 cius
220 2585 294 2647 alitis
313 2587 444 2649 habentis
459 2599 536 2650 tutos
552 2609 618 2650 esse
639 2590 675 2650 ah
695 2593 803 2669 impeto
824 2608 881 2650 non
901 2588 994 2648 solnm
1013 2594 1132 2667 s'erpea·

141 2661 209 2727 tium
227 2670 279 2730 scd
296 2673 380 2731 etiarn
394 2672 518 2732 terarum
535 2674 733 2751 latronumque
748 2683 778 2732 ct
791 2691 893 2750 regum
907 2673 959 2731 ira.

100 2759 135 2815 te
197 2750 281 2831 (25.)
302 2751 442 2813 Carnibus
457 2757 681 2832 gallinaceorum
697 2759 735 2816 ita
749 2765 779 2816 ut
794 2755 932 2835 tepebunt
946 2753 1067 2814 avolsae
1083 2754 1163 2815 adst

144 2834 246 2911 positis
268 2852 379 2895 venena
399 2840 574 2916 serpentium
594 2840 757 2915 domantur,
784 2841 852 2899 item
873 2836 994 2913 cerebro
1015 2838 1045 2897 in
1064 2837 1134 2898 vino

146 2924 226 2992 poto.
265 2916 359 2976 Parthi
378 2919 502 2994 gallinae
518 2923 624 2982 malunt
638 2921 788 2982 cerebrum
804 2922 900 3000 plagis
915 2923 1067 2999 inponere.
1089 2921 1134 2980 ios

146 3014 261 3074 quoque
285 3017 321 3058 ex
345 3000 390 3060 his
409 3013 506 3080 poturn
527 3005 680 3083 praeclare
701 3005 832 3066 medetur
853 3014 882 3064 et
902 3003 931 3062 in
950 3002 1046 3063 multis
1069 3003 1135 3062 aliis

145 3079 241 3139 usibus
255 3082 395 3144 mirabile.
424 3087 598 3162 Pantherae‚
621 3087 723 3148 leones
742 3107 799 3148 non
816 3090 957 3164 attingunt
976 3094 1134 3163 perunctos

101 3172 135 3227 to
146 3181 194 3240 eo,
212 3168 368 3243 praecipue
386 3169 408 3227 si
426 3179 455 3229 ct
472 3170 555 3230 alium
570 3171 656 3230 tuerit
670 3172 824 3232 incoctum.
850 3171 945 3231 alvom
960 3169 1049 3228 solvit
1062 3168 1166 3228 vali-at

144 3246 207 3306 dios
223 3264 240 3305 e
256 3257 356 3310 vetere
371 3252 546 3328 gallinaceo,
560 3252 681 3330 prodest
693 3265 722 3314 et
740 3263 839 3315 contra
853 3254 1025 3330 longinquas
1042 3249 1135 3311 iehris

145 3337 175 3388 et
194 3333 375 3409 torpentibus
390 3334 524 3394 memhris
539 3337 725 3415 tremulisque
743 3347 772 3397 et
787 3336 956 3397 articulariis
970 3334 1091 3410 morbis,
1106 3334 1136 3393 in

145 3413 249 3490 ospitis
264 3415 424 3495 doloribus,
438 3418 599 3498 epiphoris,
613 3419 816 3500 inflationibus,
831 3417 964 3497 fastidiis,
978 3418 1137 3497 incipiente
