2400 3840
129 183 168 246 12
469 193 499 242 c.
515 193 610 242 emm
629 192 778 242 saeuum

127 351 215 428 fient,
243 369 297 411 nec
320 351 350 409 in
373 349 450 410 febri
470 346 677 425 tussientibus,
701 348 806 407 necin
829 356 955 409 tremore
972 366 1130 410 nervorum

127 434 175 495 vel
188 435 339 495 doloribus
356 433 490 508 faucium,
508 439 555 490 aut
570 431 594 489 si
610 433 655 491 vis
669 430 762 491 morbi
779 432 857 491 circa
868 431 917 492 ilia
928 431 1128 512 intellegatur,

126 537 182 578 nec
203 520 232 577 in
250 519 354 578 duritia
370 514 623 594 praecordiorum,
651 531 788 574 venarum
801 514 1000 592 vehementia,
1032 535 1128 595 neque

126 605 156 661 in
173 601 380 680 opisthotono,
399 607 510 674 tetano,
525 615 580 658 nec
594 596 843 676 singultientibus,
859 596 914 658 nec
929 600 954 658 si
972 616 1036 658 cum
1050 600 1127 661 febri

83 697 117 752 49
128 684 278 764 dyspnoea
300 685 353 760 sit,
380 683 503 742 minume
520 699 592 741 vero
615 681 707 741 oculis
724 681 886 758 rigentibus
903 690 934 741 et
949 684 1034 759 genis
1050 691 1154 750 stan-s

126 769 204 829 tibus
220 778 268 828 aut
285 767 408 828 deiectis
420 765 569 843 gravibus,
585 782 640 824 nec
652 781 772 842 quorum
786 765 982 824 coniventium
995 767 1128 844 perluce-

125 853 197 914 bunt
220 851 294 911 oculi
317 849 505 928 palpebrisve
522 865 580 909 non
595 847 786 923 coeuntibus,
812 847 860 907 vel
877 849 900 907 si
918 849 1127 910 dormientibus

125 937 183 996 hoc
209 935 285 995 idem
310 935 409 994 evenit
439 940 486 992 aut
506 932 530 992 si
550 948 656 992 cruore
678 930 887 991 subiunduntur
908 932 1002 1010 oculi,
1033 934 1082 994 vel
1102 933 1127 993 si

126 1018 218 1078 lemae
234 1019 263 1077 in
279 1016 370 1077 oculis
387 1023 490 1093 erunt,
517 1017 640 1074 minume
655 1013 752 1091 lingua
766 1014 907 1092 fungosa,
929 1034 984 1076 nec
998 1018 1081 1094 gravi
1097 1025 1128 1077 et

126 1101 248 1161 subinde
270 1100 431 1179 inperfecta
452 1097 656 1176 loquentibus,
678 1115 733 1158 nec
753 1099 778 1157 si
794 1099 875 1157 urina
890 1098 1008 1159 difficile
1025 1100 1162 1166 redde-ro

126 1194 183 1261 tur,
201 1203 296 1262 neque
313 1183 574 1262 expavescentibus
591 1189 725 1258 repente,
740 1199 795 1240 nec
810 1183 945 1259 spasticis
961 1192 1009 1243 aut
1024 1202 1126 1244 rursus

125 1268 326 1346 torpentibus,
342 1285 397 1328 nec
412 1268 436 1326 si
452 1284 506 1345 per
522 1281 639 1325 somnos
655 1265 789 1340 genitura
804 1264 973 1325 effundetur.

82 1365 117 1416 50
192 1352 274 1431 (25.)
310 1349 513 1410 Cardiacorum
533 1347 635 1408 morbo
656 1349 767 1407 unicam
789 1365 871 1426 spem
891 1348 964 1409 hanc
980 1369 1048 1412 esse
1063 1370 1126 1414 cer·

125 1445 183 1496 tum
200 1444 253 1496 est.
287 1435 339 1495 sed
354 1432 474 1494 dandum
489 1433 602 1511 quidam
618 1450 675 1491 non
690 1433 744 1491 nisi
761 1433 790 1491 in
805 1434 977 1493 accessione
992 1444 1125 1514 censent,

124 1520 171 1580 alii
188 1522 216 1579 in
231 1521 422 1594 remissione,
438 1516 497 1594 illi,
513 1524 545 1575 ut
563 1515 698 1575 sudorem
712 1524 880 1592 coerceant,
894 1515 935 1592 hi,
953 1519 1019 1595 quia
1036 1520 1125 1579 tutius
1137 1542 1159 1584 rs

125 1610 224 1681 putant
243 1605 390 1661 minuente
412 1619 444 1660 se
467 1599 587 1674 morbo,
614 1616 697 1676 quam
719 1598 842 1677 plurium
862 1602 1036 1660 sententiam
1057 1621 1126 1664 esse

124 1685 219 1746 video.
252 1685 312 1744 dari
329 1686 428 1761 utique
444 1699 502 1741 non
519 1683 573 1740 alsi
592 1681 620 1740 in
636 1681 702 1741 cibo
719 1681 820 1759 debet,
836 1699 923 1742 neca
940 1701 1054 1762 somno,
1070 1704 1127 1746 nec

125 1766 321 1847 praecedente
345 1765 402 1826 alio
422 1773 512 1844 potu,
540 1764 596 1824 hoc
618 1773 664 1825 est
684 1767 783 1842 utique
805 1766 932 1842 sitienti,
957 1786 1013 1828 nec
1026 1770 1081 1830 nisi
1097 1772 1126 1830 in

82 1865 114 1917 51
128 1852 333 1930 desperatione
358 1866 509 1927 suprema,
537 1856 567 1907 et
582 1849 646 1908 viro
668 1848 780 1908 facilius
795 1867 878 1927 quam
895 1851 1036 1926 feminac,
1061 1855 1125 1914 seni

124 1953 207 2013 quam
229 1935 343 2011 iuveni,
366 1933 463 1992 iuveni
479 1949 562 2010 quam
583 1950 692 2011 puero,
713 1933 808 1992 hieme
825 1950 908 2011 quam
923 1942 1054 2013 aestate,
1078 1937 1160 2002 adso

125 2021 215 2078 suetis
234 2019 331 2098 potius
348 2035 431 2096 quam
448 2016 628 2094 expertibus.
658 2017 758 2076 modus
774 2016 857 2076 dandi
872 2034 925 2095 pro
942 2018 1126 2081 vehementia

124 2103 199 2178 vini,
221 2105 291 2162 item
307 2102 430 2160 mixtura
450 2116 549 2177 aquae.
579 2099 669 2176 volgo
680 2102 762 2161 ‚satis
778 2107 878 2179 putant
896 2119 979 2160 unum
994 2103 1127 2179 cyathum

125 2185 235 2245 duobus
252 2203 343 2262 aquae
358 2184 482 2243 misceri.
515 2185 540 2241 si
557 2181 711 2242 dissolutio
727 2186 765 2243 sit
783 2183 937 2262 stomachi,
954 2185 1085 2265 dandum,
1100 2208 1114 2248 s

125 2268 206 2327 cibus
223 2286 281 2327 non
297 2267 462 2327 descendat.

67 2363 115 2425 ,52
190 2352 271 2431 (26.)
300 2349 386 2410 blitto
406 2350 464 2409 vini
486 2365 595 2425 genera
615 2367 688 2426 quae
711 2350 779 2427 lingi
799 2351 955 2412 docuimus.
985 2372 1039 2413 nec
1059 2355 1159 2416 lierias

82 2434 145 2522 ’,ζῇ
167 2438 222 2495 iam
237 2434 364 2495 arbitror
376 2441 406 2494 et
423 2449 631 2511 supervacuum
646 2450 747 2492 eorum
760 2452 852 2512 usum,
869 2454 932 2495 cum
947 2439 1019 2515 ipsis
1034 2438 1124 2500 rebus

124 2520 279 2597 exquibus
296 2519 440 2595 linguntur
455 2516 608 2576 doceamus
624 2518 673 2576 uti.
699 2525 729 2576 et
745 2517 816 2577 alias
828 2518 941 2579 modum
953 2532 1125 2582 excesserat

7 2667 23 2678 α
123 2603 298 2664 medicorum
316 2605 345 2661 in
360 2601 405 2662 his
421 2601 597 2677 ostentatio,
617 2601 707 2660 veluti
726 2620 743 2661 e
759 2603 840 2679 napis
856 2605 951 2663 vinum
967 2603 1037 2663 utile
1055 2624 1123 2666 esse

124 2687 159 2746 ab
174 2705 316 2747 armorum
331 2685 516 2765 equitandive
531 2682 700 2745 lassitudine
715 2687 955 2764 praecipientium
970 2696 1075 2765 atque,
1091 2697 1123 2748 ut

123 2767 234 2845 reliqua
251 2770 429 2846 omittamus,
458 2768 544 2827 etiam
562 2785 578 2825 e
600 2768 733 2844 iunipiro.
768 2777 798 2828 et
816 2772 879 2847 quis
895 2774 984 2831 satius
1002 2781 1157 2832 censeatao

123 2851 280 2911 absinthite
295 2853 363 2910 vino
380 2848 515 2910 utendum
531 2850 628 2927 potius
645 2867 727 2927 quam
746 2851 890 2913 absinthio
909 2852 995 2933 ipso?
1010 2857 1039 2914 ia
1055 2855 1123 2917 reli·

122 2936 186 3012 quis
208 2942 237 2993 et
252 2933 393 3012 palmeum
408 2933 496 3011 capiti
511 2933 642 3008 noxium,
669 2937 822 3012 ventrique
842 2946 948 2997 tantum
963 2939 1121 2999 molliendo

79 3031 114 3084 53
126 3026 156 3078 et
171 3018 338 3096 sanguinem
357 3016 577 3077 exscreantibus
595 3033 652 3075 non
670 3018 779 3079 inutile.
802 3021 939 3081 ficticium
951 3041 1008 3083 non
1020 3031 1120 3102 potest

80 3122 109 3166 n,
120 3124 143 3157 rr
165 3101 258 3160 videri
273 3101 350 3178 quod
363 3100 433 3161 bion
448 3099 668 3180 appellavimus,
681 3120 744 3161 cum
757 3105 795 3163 sit
810 3105 840 3165 in
856 3123 892 3166 co
909 3106 972 3166 sola
986 3124 1040 3185 pro
1057 3115 1120 3167 arte

122 3185 280 3244 festinatio.
312 3184 434 3262 prodest
457 3182 605 3245 stomacho
628 3185 772 3247 dissoluto
801 3195 849 3249 aut
867 3190 950 3249 cibos
974 3207 1031 3251 non
1053 3209 1155 3269 per-cc

123 3269 242 3344 licienti,
268 3269 487 3346 praegnatibus,
508 3268 649 3345 delectis,
664 3270 850 3349 paralyticis,
874 3274 1120 3352 tremulis,‘verti-

121 3353 197 3429 gini,
222 3352 411 3429 torminibus,
437 3351 609 3412 ischiadicis.
640 3354 669 3412 in
692 3354 860 3433 pestilentia
877 3375 992 3436 quoqne
1006 3376 1039 3418 ac
1054 3374 1120 3437 per·

121 3435 351 3512 egrinationibus
365 3438 422 3495 vim
436 3454 566 3513 magnam
581 3435 733 3497 auxiliandi
750 3437 859 3500 habere
875 3440 986 3502 dicitur.
