2400 3840
322 217 402 264 uxr.
419 217 510 267 uisu.
523 217 638 266 xx1111.
654 211 739 264 4-6.
760 205 895 284 (tt—14.)
1037 204 1087 266 ,37

95 378 211 447 serrat,
234 372 362 431 viventia
382 373 556 450 corrumpit,
571 372 646 431 mira>
655 370 837 449 differentia,
858 391 922 433 cum
935 375 1022 433 vitam
1043 392 1090 432 au·
1116 406 1119 411 >

93 455 171 514 ferat
197 453 374 532 spirantibus
395 454 598 533 defunctisque
624 473 679 533 pro
700 456 759 516 vita
781 458 827 516 sit.
858 458 950 516 vestis
974 474 1089 535 qnoque
1173 472 1175 476 ’

94 539 256 615 corrumpit
274 546 304 598 et
320 538 452 598 animalia
468 546 561 599 necat.
596 538 634 599 ob
646 538 719 601 haec
735 556 794 600 non
808 558 945 601 censeam
960 543 990 600 in
1007 542 1132 617 angi-18

94 623 139 681 nis
153 621 211 683 hoc
226 621 356 683 remedio
368 622 504 683 utendum
515 640 610 700 neque
623 624 652 682 in
663 623 863 701 cruditatibus,
879 624 956 705 quod
968 641 1088 685 suasere
1105 640 1107 643 ’

69 704 202 783 saliqui,
228 713 324 782 gustu.
362 705 458 767 dentis
478 724 594 785 quoque
618 707 757 768 conluere
778 715 917 768 exaucto
941 710 971 768 in
985 706 1089 768 dolore

94 790 239 849 timuerim
262 790 310 850 val
331 792 467 867 gravitati
489 799 537 852 aut
557 790 704 852 vermibus
720 793 828 853 aurium
840 791 991 851 instillare.
1023 809 1090 869 por-

94 880 204 932 tentum
219 872 358 953 estquod
374 875 663 937 traduntabortivum
680 875 744 935 fieri
759 877 788 935 in
805 893 918 936 venere
936 882 1003 935 ante
1021 893 1087 954 par·

92 958 157 1018 fusa
175 957 323 1020 virilitate.
355 959 523 1038 phthiriasis
545 976 730 1038 perunguere
748 977 785 1020 eo
807 977 866 1020 non
887 959 1088 1038 dubitaverim,

93 1043 164 1103 item
178 1044 354 1122 porrigines.
385 1044 507 1105 suadent
522 1052 553 1104 et
567 1050 669 1103 contra
692 1062 835 1104 venenum
855 1044 967 1122 leporis
987 1047 1087 1103 marini

60 1147 84 1188 to
94 1126 199 1187 bibere
213 1129 244 1186 in
258 1145 363 1206 passo,
384 1127 496 1188 facilius
512 1129 541 1188 iu
556 1126 746 1205 elephantiasi
761 1127 902 1187 inlinatur.
937 1136 968 1186 et
987 1127 1084 1187 ulcera
1099 1139 1132 1194 19

94 1210 212 1270 sordida
231 1219 262 1270 et
278 1214 480 1272 excrescentia
495 1214 524 1271 in
540 1214 576 1272 iis
593 1219 729 1271 auctores
751 1211 863 1289 quidam
886 1218 916 1270 et
939 1209 1088 1272 oculorum

95 1293 249 1371 albugines
270 1295 470 1375 caliginesque
492 1299 633 1355 inunxere
659 1311 697 1354 eo
718 1302 750 1355 et
766 1302 867 1355 contra
888 1293 1032 1372 pulmonis
1047 1296 1088 1355 ul-

95 1395 163 1438 cera
177 1379 311 1454 cyathum
326 1381 389 1439 eius
406 1380 522 1440 sorberi
537 1382 701 1455 iusserunt,
724 1380 795 1437 item
809 1378 950 1438 adversus
968 1380 1085 1439 taenias.

97 1462 127 1520 iit
141 1480 180 1521 ex
206 1479 243 1521 eo
264 1471 295 1542 st
309 1462 404 1524 oleum
425 1462 502 1542 quod
522 1461 693 1541 pisselaeon
714 1469 837 1535 vocant,
858 1459 1086 1521 vehementioris

60 1569 84 1608 is
96 1545 130 1604 ad
144 1547 240 1606 omnia
253 1548 354 1607 eadem
375 1565 451 1607 usus.
479 1546 558 1606 cedri
583 1545 675 1606 scobe
699 1547 846 1623 serpentis
862 1544 955 1620 fugari
978 1552 1088 1604 certum

95 1637 158 1706 est,
174 1632 245 1690 item
258 1630 337 1692 bacis
353 1633 429 1691 tritis
444 1649 509 1691 cum
528 1629 596 1690 oleo
612 1631 638 1689 si
656 1633 704 1707 qui
717 1637 942 1708 perunguantur.

157 1713 240 1793 (ta.)
271 1713 427 1792 Gedrides,
452 1715 508 1775 boc
533 1722 579 1773 est
599 1714 709 1773 fructus
732 1713 829 1790 cedri,
856 1713 958 1772 tussim
973 1721 1084 1789 sanant,
1096 1725 1130 1777 20

94 1799 203 1860 urinam
219 1800 313 1873 cient,
328 1798 423 1858 alvom
434 1801 556 1875 sistunt,
572 1797 659 1858 utiles
675 1800 785 1875 ruptis,
803 1796 967 1871 convolsis,
984 1799 1087 1874 spasti-

93 1882 154 1957 cis,
170 1884 363 1958 stranguriae,
381 1883 493 1959 volvis,
508 1881 543 1941 ad
565 1881 693 1941 antidota
710 1890 810 1942 contra
827 1880 945 1959 lepores
958 1883 1084 1939 marinos

57 1986 84 2027 ao
94 1963 253 2043 eademque
271 1983 346 2042 quae
361 1983 457 2045 supra,
469 1965 691 2026 collectionibus
705 1964 1040 2040 inflammationibusqne.
1106 1985 1129 2018 aa

157 2048 239 2126 (13.)
269 2047 314 2110 De
329 2049 454 2127 galbano
470 2050 600 2110 diximus.
627 2066 723 2125 neque
734 2049 856 2109 umidum
868 2062 962 2125 neque
975 2047 1082 2107 aridum
1094 2058 1122 2110 21

94 2131 252 2210 probatur,
269 2141 298 2192 et
314 2132 399 2211 quale
414 2133 562 2194 docuimus
579 2150 633 2211 per
647 2151 681 2191 se
700 2132 809 2193 bibitur
824 2131 858 2192 ad
876 2134 975 2191 tussim
991 2149 1040 2190 re·
1053 2128 1081 2170 ¹²·
1094 2129 1128 2162 ¹²⁸

95 2223 202 2291 terem,
218 2218 359 2295 suspiria,
377 2226 478 2296 rupta,
491 2216 638 2278 convolsa.
671 2217 817 2294 inponitur
837 2214 1021 2291 ischiadicis,
1045 2214 1084 2276 fa-

96 2300 170 2359 teris
185 2298 354 2377 doloribus,
371 2303 472 2379 panis,
487 2299 661 2376 furunculis,
678 2303 796 2379 corpori
814 2299 850 2360 ab
866 2300 983 2361 ossibus
1003 2319 1085 2360 rece·

60 2382 193 2459 cedenti,
208 2386 342 2460 strumis,
358 2384 543 2444 articulorum
563 2382 665 2459 nodis,
692 2383 817 2443 dentium
838 2400 954 2461 quoque
976 2384 1084 2444 dolori·

96 2466 160 2526 bus.
187 2465 316 2527 inlinitur
330 2476 359 2527 et
375 2486 439 2527 curn
453 2467 541 2528 melle
554 2467 657 2544 capitis
679 2466 833 2527 ulceribus.
868 2468 1029 2544 purulentis
1043 2469 1084 2527 in-

95 2548 223 2609 funditur
248 2550 364 2610 avaribus
386 2569 450 2611 cum
477 2567 601 2610 rosaceo
628 2557 676 2608 aut
698 2549 797 2609 nardo.
827 2549 920 2608 odore
936 2550 1085 2609 comitiali·

96 2632 150 2692 bus
165 2632 316 2711 subvenit,
332 2642 362 2693 ct
380 2633 465 2694 volva
485 2632 681 2709 strangulante
701 2632 747 2692 vel
765 2635 795 2690 in
810 2631 948 2691 stomachi
961 2632 1084 2692 defectu.

96 2714 216 2776 abortus
232 2733 290 2777 non
305 2720 439 2778 exeuntis
456 2714 542 2776 trabit
552 2715 686 2793 adpositu
700 2714 747 2775 vel
768 2715 884 2791 suffitu,
911 2716 980 2775 item
1004 2733 1083 2776 ramo
1095 2725 1130 2778 22

60 2798 241 2860 oheltehori
269 2800 455 2862 circuunlitum
481 2809 568 2879 atque
597 2800 765 2861 subiectum.
807 2802 956 2877 serpentis
985 2800 1087 2861 nidore

97 2885 241 2944 urentium
259 2886 353 2963 fugari
374 2886 505 2945 diximus.
535 2884 650 2962 fugiunt
673 2892 703 2944 et
725 2890 885 2963 perunctos
911 2882 1042 2960 galbano.
1059 2902 1129 2946 mna

96 2966 229 3028 medetur
241 2978 271 3030 et
284 2986 300 3028 a
315 2973 472 3047 scorpione
486 2968 643 3046 percussis.
662 2968 772 3028 bibitur
787 2975 818 3028 et
835 2968 864 3026 in
879 2966 988 3027 difficili
1004 2978 1086 3046 partu

97 3051 182 3114 fabae
197 3052 392 3129 magnitudine
409 3055 439 3113 in
454 3052 559 3129 cyatho
575 3052 652 3128 vini,
667 3051 828 3129 volvasque
841 3068 1000 3111 conversas
1024 3069 1086 3112 cor·
1195 3050 1198 3059 '

97 3136 182 3211 rigtt,
209 3153 272 3195 clun
293 3154 388 3197 maura
409 3145 504 3197 autem
526 3144 557 3197 at
583 3137 650 3195 vino
670 3143 801 3196 mortuos
826 3143 927 3213 partus
952 3135 1084 3194 extrahit.

63 3234 88 3275 as
100 3218 272 3280 adversatur
288 3228 318 3280 et
335 3222 473 3297 venenis,
488 3237 621 3280 maxume
636 3219 759 3295 tunicis,
775 3235 838 3277 cum
852 3235 946 3278 murra
962 3225 992 3277 et
1010 3219 1085 3276 vino.

99 3305 246 3380 serpentis
271 3303 338 3364 oleo
355 3312 385 3364 et
402 3304 556 3382 spondylio
575 3304 665 3362 mixto
683 3310 761 3361 tactu
780 3310 872 3361 necat.
907 3317 1015 3360 nocere
1031 3303 1087 3359 uri·

97 3401 152 3444 nac
168 3388 355 3448 existimatur.

160 3470 189 3531 6.
213 3471 294 3549 (14.)
321 3469 428 3531 Similis
446 3469 633 3531 hammoniaci
649 3478 751 3531 natura
767 3467 1017 3547 atouelaorimae
1030 3474 1159 3541 pro-‘us
