<?xml version="1.0" encoding="UTF-8"?>
<!DOCTYPE html PUBLIC "-//W3C//DTD XHTML 1.0 Transitional//EN"
    "http://www.w3.org/TR/xhtml1/DTD/xhtml1-transitional.dtd">
<html xmlns="http://www.w3.org/1999/xhtml" xml:lang="en" lang="en">
 <head>
  <title>
</title>
<meta http-equiv="Content-Type" content="text/html;charset=utf-8" />
  <meta name='ocr-system' content='tesseract 3.04.00' />
  <meta name='ocr-capabilities' content='ocr_page ocr_carea ocr_par ocr_line ocrx_word'/>
</head>
<body>
  <div class='ocr_page' id='page_1' title='image "./cplinisecundina06plingoog_0151.png"; bbox 0 0 2400 3840; ppageno 0'>
   <div class='ocr_carea' id='block_1_1' title="bbox 134 193 790 254">
    <p class='ocr_par' dir='ltr' id='par_1_1' title="bbox 134 193 790 254">
     <span class='ocr_line' id='line_1_1' title="bbox 134 193 790 254; baseline -0.003 -2"><span class='ocrx_word' id='word_1_1' title='bbox 134 193 175 253; x_wconf 81' lang='lat'>76</span> <span class='ocrx_word' id='word_1_2' title='bbox 481 205 512 254; x_wconf 88' lang='lat' dir='ltr'>c.</span> <span class='ocrx_word' id='word_1_3' title='bbox 531 205 627 252; x_wconf 75' lang='lat' dir='ltr'>curru</span> <span class='ocrx_word' id='word_1_4' title='bbox 640 202 790 253; x_wconf 80' lang='lat' dir='ltr'>sucorum</span> 
     </span>
    </p>
   </div>
   <div class='ocr_carea' id='block_1_2' title="bbox 57 354 1155 3021">
    <p class='ocr_par' dir='ltr' id='par_1_2' title="bbox 57 354 1155 3021">
     <span class='ocr_line' id='line_1_2' title="bbox 134 354 1123 434; baseline 0.001 -17"><span class='ocrx_word' id='word_1_5' title='bbox 134 358 183 434; x_wconf 89' lang='lat' dir='ltr'>lis,</span> <span class='ocrx_word' id='word_1_6' title='bbox 198 359 228 416; x_wconf 94' lang='lat' dir='ltr'>iu</span> <span class='ocrx_word' id='word_1_7' title='bbox 243 359 336 418; x_wconf 84' lang='lat' dir='ltr'>vineis</span> <span class='ocrx_word' id='word_1_8' title='bbox 350 366 524 418; x_wconf 89' lang='lat' dir='ltr'>nascentem.</span> <span class='ocrx_word' id='word_1_9' title='bbox 547 357 631 418; x_wconf 88' lang='lat' dir='ltr'>aliam</span> <span class='ocrx_word' id='word_1_10' title='bbox 644 375 717 419; x_wconf 86' lang='lat' dir='ltr'>vero</span> <span class='ocrx_word' id='word_1_11' title='bbox 731 358 829 418; x_wconf 91' lang='lat' dir='ltr'>binum</span> <span class='ocrx_word' id='word_1_12' title='bbox 843 354 1016 434; x_wconf 87' lang='lat' dir='ltr'>cubitorum,</span> <span class='ocrx_word' id='word_1_13' title='bbox 1032 375 1123 418; x_wconf 87' lang='lat' dir='ltr'>ramu-</span> 
     </span>
     <span class='ocr_line' id='line_1_3' title="bbox 134 440 1122 519; baseline 0.003 -20"><span class='ocrx_word' id='word_1_14' title='bbox 134 441 171 500; x_wconf 88' lang='lat' dir='ltr'>lis</span> <span class='ocrx_word' id='word_1_15' title='bbox 193 440 329 517; x_wconf 86' lang='lat' dir='ltr'>exilibus,</span> <span class='ocrx_word' id='word_1_16' title='bbox 351 442 513 518; x_wconf 77' lang='lat' dir='ltr'>triangulis,</span> <span class='ocrx_word' id='word_1_17' title='bbox 533 441 607 503; x_wconf 85' lang='lat' dir='ltr'>lolio</span> <span class='ocrx_word' id='word_1_18' title='bbox 630 441 736 518; x_wconf 92' lang='lat' dir='ltr'>ielicis,</span> <span class='ocrx_word' id='word_1_19' title='bbox 756 440 891 519; x_wconf 89' lang='lat' dir='ltr'>pediculo</span> <span class='ocrx_word' id='word_1_20' title='bbox 908 441 1010 518; x_wconf 89' lang='lat' dir='ltr'>longo,</span> <span class='ocrx_word' id='word_1_21' title='bbox 1034 441 1122 502; x_wconf 87' lang='lat' dir='ltr'>betae</span> 
     </span>
     <span class='ocr_line' id='line_1_4' title="bbox 135 525 1123 603; baseline -0.001 -19"><span class='ocrx_word' id='word_1_22' title='bbox 135 525 256 601; x_wconf 90' lang='lat' dir='ltr'>semiue,</span> <span class='ocrx_word' id='word_1_23' title='bbox 278 527 370 584; x_wconf 90' lang='lat' dir='ltr'>omnis</span> <span class='ocrx_word' id='word_1_24' title='bbox 392 525 560 585; x_wconf 86' lang='lat' dir='ltr'>volneribus</span> <span class='ocrx_word' id='word_1_25' title='bbox 581 526 761 603; x_wconf 89' lang='lat' dir='ltr'>praecipuas.</span> <span class='ocrx_word' id='word_1_26' title='bbox 791 526 884 584; x_wconf 79' lang='lat' dir='ltr'>nostri</span> <span class='ocrx_word' id='word_1_27' title='bbox 906 542 970 585; x_wconf 91' lang='lat' dir='ltr'>eam</span> <span class='ocrx_word' id='word_1_28' title='bbox 986 542 1060 602; x_wconf 87' lang='lat' dir='ltr'>quae</span> <span class='ocrx_word' id='word_1_29' title='bbox 1076 533 1123 585; x_wconf 90' lang='lat' dir='ltr'>est</span> 
     </span>
     <span class='ocr_line' id='line_1_5' title="bbox 134 607 1120 686; baseline 0.001 -20"><span class='ocrx_word' id='word_1_30' title='bbox 134 607 274 668; x_wconf 91' lang='lat' dir='ltr'>latissimo</span> <span class='ocrx_word' id='word_1_31' title='bbox 290 608 362 667; x_wconf 92' lang='lat' dir='ltr'>iolio</span> <span class='ocrx_word' id='word_1_32' title='bbox 378 625 482 686; x_wconf 92' lang='lat' dir='ltr'>scopas</span> <span class='ocrx_word' id='word_1_33' title='bbox 498 610 596 685; x_wconf 86' lang='lat' dir='ltr'>regias</span> <span class='ocrx_word' id='word_1_34' title='bbox 614 615 725 667; x_wconf 87' lang='lat' dir='ltr'>vocant.</span> <span class='ocrx_word' id='word_1_35' title='bbox 749 607 881 667; x_wconf 89' lang='lat' dir='ltr'>medetur</span> <span class='ocrx_word' id='word_1_36' title='bbox 898 609 1011 684; x_wconf 89' lang='lat' dir='ltr'>anginis</span> <span class='ocrx_word' id='word_1_37' title='bbox 1031 626 1120 667; x_wconf 91' lang='lat' dir='ltr'>suum.</span> 
     </span>
     <span class='ocr_line' id='line_1_6' title="bbox 91 690 1144 770; baseline -0.006 -14"><span class='ocrx_word' id='word_1_38' title='bbox 91 702 124 756; x_wconf 79' lang='lat'>45</span> <span class='ocrx_word' id='word_1_39' title='bbox 196 691 278 770; x_wconf 80' lang='lat'>(20.)</span> <span class='ocrx_word' id='word_1_40' title='bbox 301 691 415 750; x_wconf 84' lang='lat' dir='ltr'>Invenit</span> <span class='ocrx_word' id='word_1_41' title='bbox 436 700 466 750; x_wconf 88' lang='lat' dir='ltr'>et</span> <span class='ocrx_word' id='word_1_42' title='bbox 484 691 598 752; x_wconf 83' lang='lat' dir='ltr'>Teucer</span> <span class='ocrx_word' id='word_1_43' title='bbox 618 691 719 751; x_wconf 89' lang='lat' dir='ltr'>eadem</span> <span class='ocrx_word' id='word_1_44' title='bbox 739 698 838 751; x_wconf 88' lang='lat' dir='ltr'>aetate</span> <span class='ocrx_word' id='word_1_45' title='bbox 861 690 1016 768; x_wconf 79' lang='lat' dir='ltr'>Teucrion,</span> <span class='ocrx_word' id='word_1_46' title='bbox 1038 708 1144 769; x_wconf 78' lang='lat' dir='ltr'>quame</span> 
     </span>
     <span class='ocr_line' id='line_1_7' title="bbox 133 773 1121 853; baseline 0 -19"><span class='ocrx_word' id='word_1_47' title='bbox 133 775 246 853; x_wconf 89' lang='lat' dir='ltr'>quidam</span> <span class='ocrx_word' id='word_1_48' title='bbox 265 774 430 834; x_wconf 87' lang='lat' dir='ltr'>hemionion</span> <span class='ocrx_word' id='word_1_49' title='bbox 448 783 570 849; x_wconf 84' lang='lat' dir='ltr'>vocant,</span> <span class='ocrx_word' id='word_1_50' title='bbox 593 784 779 852; x_wconf 76' lang='lat' dir='ltr'>spargentem</span> <span class='ocrx_word' id='word_1_51' title='bbox 799 776 900 835; x_wconf 90' lang='lat' dir='ltr'>iuncos</span> <span class='ocrx_word' id='word_1_52' title='bbox 922 775 1027 851; x_wconf 90' lang='lat' dir='ltr'>tenuis,</span> <span class='ocrx_word' id='word_1_53' title='bbox 1050 773 1121 835; x_wconf 87' lang='lat' dir='ltr'>lolia</span> 
     </span>
     <span class='ocr_line' id='line_1_8' title="bbox 134 858 1122 936; baseline 0.001 -19"><span class='ocrx_word' id='word_1_54' title='bbox 134 875 232 936; x_wconf 90' lang='lat' dir='ltr'>parva,</span> <span class='ocrx_word' id='word_1_55' title='bbox 256 859 370 935; x_wconf 89' lang='lat' dir='ltr'>asperis</span> <span class='ocrx_word' id='word_1_56' title='bbox 386 858 461 917; x_wconf 91' lang='lat' dir='ltr'>locis</span> <span class='ocrx_word' id='word_1_57' title='bbox 484 866 809 933; x_wconf 65' lang='lat' dir='ltr'>nascentem-austero</span> <span class='ocrx_word' id='word_1_58' title='bbox 832 875 949 936; x_wconf 88' lang='lat' dir='ltr'>sapore,</span> <span class='ocrx_word' id='word_1_59' title='bbox 971 875 1122 936; x_wconf 79' lang='lat' dir='ltr'>numquam</span> 
     </span>
     <span class='ocr_line' id='line_1_9' title="bbox 127 940 1120 1019; baseline 0.002 -20"><span class='ocrx_word' id='word_1_60' title='bbox 127 941 294 1001; x_wconf 80' lang='lat' dir='ltr'>&#39;florentem</span> <span class='ocrx_word' id='word_1_61' title='bbox 327 958 422 1018; x_wconf 84' lang='lat' dir='ltr'>neque</span> <span class='ocrx_word' id='word_1_62' title='bbox 440 959 540 1001; x_wconf 88' lang='lat' dir='ltr'>semen</span> <span class='ocrx_word' id='word_1_63' title='bbox 555 943 656 1019; x_wconf 85' lang='lat' dir='ltr'>giguit.</span> <span class='ocrx_word' id='word_1_64' title='bbox 687 941 819 1002; x_wconf 87' lang='lat' dir='ltr'>medetur</span> <span class='ocrx_word' id='word_1_65' title='bbox 836 940 972 1017; x_wconf 79' lang='lat' dir='ltr'>lienibus,</span> <span class='ocrx_word' id='word_1_66' title='bbox 993 949 1120 1001; x_wconf 83' lang='lat' dir='ltr'>constat·</span> 
     </span>
     <span class='ocr_line' id='line_1_10' title="bbox 133 1025 1120 1103; baseline 0.003 -22"><span class='ocrx_word' id='word_1_67' title='bbox 133 1041 190 1102; x_wconf 93' lang='lat' dir='ltr'>que</span> <span class='ocrx_word' id='word_1_68' title='bbox 217 1027 260 1083; x_wconf 91' lang='lat' dir='ltr'>sic</span> <span class='ocrx_word' id='word_1_69' title='bbox 288 1025 448 1084; x_wconf 85' lang='lat' dir='ltr'>inventam:</span> <span class='ocrx_word' id='word_1_70' title='bbox 471 1042 534 1084; x_wconf 92' lang='lat' dir='ltr'>cum</span> <span class='ocrx_word' id='word_1_71' title='bbox 559 1033 627 1085; x_wconf 82' lang='lat' dir='ltr'>exta</span> <span class='ocrx_word' id='word_1_72' title='bbox 652 1042 826 1103; x_wconf 90' lang='lat' dir='ltr'>supeream</span> <span class='ocrx_word' id='word_1_73' title='bbox 849 1027 979 1103; x_wconf 88' lang='lat' dir='ltr'>proiecta</span> <span class='ocrx_word' id='word_1_74' title='bbox 1008 1032 1120 1103; x_wconf 87' lang='lat' dir='ltr'>esseut,</span> 
     </span>
     <span class='ocr_line' id='line_1_11' title="bbox 135 1106 1155 1187; baseline -0.001 -20"><span class='ocrx_word' id='word_1_75' title='bbox 135 1107 303 1168; x_wconf 87' lang='lat' dir='ltr'>adhaesisse</span> <span class='ocrx_word' id='word_1_76' title='bbox 314 1106 384 1167; x_wconf 88' lang='lat' dir='ltr'>lieni</span> <span class='ocrx_word' id='word_1_77' title='bbox 397 1126 519 1187; x_wconf 88' lang='lat' dir='ltr'>eumque</span> <span class='ocrx_word' id='word_1_78' title='bbox 533 1109 707 1169; x_wconf 80' lang='lat' dir='ltr'>exinanisse.</span> <span class='ocrx_word' id='word_1_79' title='bbox 732 1108 771 1168; x_wconf 93' lang='lat' dir='ltr'>cb</span> <span class='ocrx_word' id='word_1_80' title='bbox 788 1108 817 1167; x_wconf 94' lang='lat' dir='ltr'>id</span> <span class='ocrx_word' id='word_1_81' title='bbox 830 1127 847 1167; x_wconf 89' lang='lat' dir='ltr'>a</span> <span class='ocrx_word' id='word_1_82' title='bbox 862 1107 1030 1187; x_wconf 90' lang='lat' dir='ltr'>quibusdam</span> <span class='ocrx_word' id='word_1_83' title='bbox 1042 1109 1121 1187; x_wconf 90' lang='lat' dir='ltr'>sple-</span> <span class='ocrx_word' id='word_1_84' title='bbox 1131 1126 1155 1167; x_wconf 89' lang='lat' dir='ltr'>rc</span> 
     </span>
     <span class='ocr_line' id='line_1_12' title="bbox 89 1192 1121 1270; baseline 0.003 -20"><span class='ocrx_word' id='word_1_85' title='bbox 89 1200 123 1256; x_wconf 78' lang='lat'>46</span> <span class='ocrx_word' id='word_1_86' title='bbox 135 1192 203 1250; x_wconf 91' lang='lat' dir='ltr'>uiou</span> <span class='ocrx_word' id='word_1_87' title='bbox 218 1199 346 1251; x_wconf 89' lang='lat' dir='ltr'>vocatur.</span> <span class='ocrx_word' id='word_1_88' title='bbox 368 1201 482 1257; x_wconf 87' lang='lat' dir='ltr'>narrant</span> <span class='ocrx_word' id='word_1_89' title='bbox 496 1210 565 1253; x_wconf 91' lang='lat' dir='ltr'>sues</span> <span class='ocrx_word' id='word_1_90' title='bbox 577 1193 625 1270; x_wconf 90' lang='lat' dir='ltr'>qui</span> <span class='ocrx_word' id='word_1_91' title='bbox 637 1192 762 1252; x_wconf 89' lang='lat' dir='ltr'>radicem</span> <span class='ocrx_word' id='word_1_92' title='bbox 774 1194 837 1252; x_wconf 89' lang='lat' dir='ltr'>eius</span> <span class='ocrx_word' id='word_1_93' title='bbox 850 1192 929 1252; x_wconf 89' lang='lat' dir='ltr'>edict</span> <span class='ocrx_word' id='word_1_94' title='bbox 940 1193 1003 1251; x_wconf 91' lang='lat' dir='ltr'>siue</span> <span class='ocrx_word' id='word_1_95' title='bbox 1016 1192 1121 1269; x_wconf 87' lang='lat' dir='ltr'>splene</span> 
     </span>
     <span class='ocr_line' id='line_1_13' title="bbox 132 1275 1121 1355; baseline 0.002 -21"><span class='ocrx_word' id='word_1_96' title='bbox 132 1277 264 1335; x_wconf 83' lang='lat' dir='ltr'>inveniri.</span> <span class='ocrx_word' id='word_1_97' title='bbox 294 1275 406 1355; x_wconf 90' lang='lat' dir='ltr'>quidam</span> <span class='ocrx_word' id='word_1_98' title='bbox 421 1278 506 1337; x_wconf 90' lang='lat' dir='ltr'>ramis</span> <span class='ocrx_word' id='word_1_99' title='bbox 524 1275 628 1355; x_wconf 75' lang='lat' dir='ltr'>hysopi</span> <span class='ocrx_word' id='word_1_100' title='bbox 645 1275 834 1352; x_wconf 89' lang='lat' dir='ltr'>surculosam,</span> <span class='ocrx_word' id='word_1_101' title='bbox 854 1275 928 1336; x_wconf 83' lang='lat' dir='ltr'>folio</span> <span class='ocrx_word' id='word_1_102' title='bbox 950 1275 1047 1352; x_wconf 86' lang='lat' dir='ltr'>iabae,</span> <span class='ocrx_word' id='word_1_103' title='bbox 1070 1292 1121 1336; x_wconf 89' lang='lat' dir='ltr'>eo·</span> 
     </span>
     <span class='ocr_line' id='line_1_14' title="bbox 132 1358 1121 1440; baseline 0.002 -22"><span class='ocrx_word' id='word_1_104' title='bbox 132 1359 197 1419; x_wconf 90' lang='lat' dir='ltr'>dem</span> <span class='ocrx_word' id='word_1_105' title='bbox 215 1361 330 1419; x_wconf 90' lang='lat' dir='ltr'>nomine</span> <span class='ocrx_word' id='word_1_106' title='bbox 352 1360 499 1440; x_wconf 90' lang='lat' dir='ltr'>appellant</span> <span class='ocrx_word' id='word_1_107' title='bbox 519 1369 551 1421; x_wconf 91' lang='lat' dir='ltr'>et</span> <span class='ocrx_word' id='word_1_108' title='bbox 571 1360 671 1437; x_wconf 80' lang='lat' dir='ltr'>colligi</span> <span class='ocrx_word' id='word_1_109' title='bbox 695 1377 759 1419; x_wconf 91' lang='lat' dir='ltr'>cum</span> <span class='ocrx_word' id='word_1_110' title='bbox 779 1358 884 1419; x_wconf 86' lang='lat' dir='ltr'>horeat</span> <span class='ocrx_word' id='word_1_111' title='bbox 903 1358 1010 1418; x_wconf 89' lang='lat' dir='ltr'>iubent.</span> <span class='ocrx_word' id='word_1_112' title='bbox 1046 1359 1121 1420; x_wconf 91' lang='lat' dir='ltr'>adeo</span> 
     </span>
     <span class='ocr_line' id='line_1_15' title="bbox 133 1440 1121 1522; baseline 0.003 -21"><span class='ocrx_word' id='word_1_113' title='bbox 133 1441 240 1504; x_wconf 85' lang='lat' dir='ltr'>llorere</span> <span class='ocrx_word' id='word_1_114' title='bbox 266 1461 323 1504; x_wconf 90' lang='lat' dir='ltr'>nou</span> <span class='ocrx_word' id='word_1_115' title='bbox 349 1445 495 1520; x_wconf 89' lang='lat' dir='ltr'>dubitant,</span> <span class='ocrx_word' id='word_1_116' title='bbox 524 1461 713 1522; x_wconf 84' lang='lat' dir='ltr'>maxumeque</span> <span class='ocrx_word' id='word_1_117' title='bbox 742 1461 780 1502; x_wconf 88' lang='lat' dir='ltr'>ex</span> <span class='ocrx_word' id='word_1_118' title='bbox 802 1440 911 1502; x_wconf 82' lang='lat' dir='ltr'>Ciliciis</span> <span class='ocrx_word' id='word_1_119' title='bbox 938 1450 968 1501; x_wconf 93' lang='lat' dir='ltr'>et</span> <span class='ocrx_word' id='word_1_120' title='bbox 994 1440 1121 1504; x_wconf 82' lang='lat' dir='ltr'>Pisidiae</span> 
     </span>
     <span class='ocr_line' id='line_1_16' title="bbox 131 1528 1155 1587; baseline -0.001 -2"><span class='ocrx_word' id='word_1_121' title='bbox 131 1528 277 1587; x_wconf 91' lang='lat' dir='ltr'>montibus</span> <span class='ocrx_word' id='word_1_122' title='bbox 297 1528 419 1587; x_wconf 87' lang='lat' dir='ltr'>laudant.</span> <span class='ocrx_word' id='word_1_123' title='bbox 1131 1543 1155 1584; x_wconf 83' lang='lat' dir='ltr'>rc</span> 
     </span>
     <span class='ocr_line' id='line_1_17' title="bbox 89 1609 1120 1687; baseline 0 -17"><span class='ocrx_word' id='word_1_124' title='bbox 89 1618 121 1673; x_wconf 76' lang='lat' dir='ltr'>ll</span> <span class='ocrx_word' id='word_1_125' title='bbox 194 1610 276 1687; x_wconf 81' lang='lat'>(21.)</span> <span class='ocrx_word' id='word_1_126' title='bbox 297 1610 487 1687; x_wconf 82' lang='lat' dir='ltr'>Melampodis</span> <span class='ocrx_word' id='word_1_127' title='bbox 503 1611 576 1670; x_wconf 84' lang='lat' dir='ltr'>fama</span> <span class='ocrx_word' id='word_1_128' title='bbox 591 1610 774 1669; x_wconf 78' lang='lat' dir='ltr'>divinationis</span> <span class='ocrx_word' id='word_1_129' title='bbox 789 1609 900 1669; x_wconf 90' lang='lat' dir='ltr'>artibus</span> <span class='ocrx_word' id='word_1_130' title='bbox 915 1615 983 1669; x_wconf 87' lang='lat' dir='ltr'>uota</span> <span class='ocrx_word' id='word_1_131' title='bbox 1000 1617 1054 1669; x_wconf 87' lang='lat' dir='ltr'>est.</span> <span class='ocrx_word' id='word_1_132' title='bbox 1084 1611 1120 1670; x_wconf 89' lang='lat' dir='ltr'>ab</span> 
     </span>
     <span class='ocr_line' id='line_1_18' title="bbox 131 1690 1121 1772; baseline 0.004 -22"><span class='ocrx_word' id='word_1_133' title='bbox 131 1690 187 1751; x_wconf 92' lang='lat' dir='ltr'>hoc</span> <span class='ocrx_word' id='word_1_134' title='bbox 211 1692 375 1770; x_wconf 89' lang='lat' dir='ltr'>appellatur</span> <span class='ocrx_word' id='word_1_135' title='bbox 396 1711 479 1751; x_wconf 91' lang='lat' dir='ltr'>unum</span> <span class='ocrx_word' id='word_1_136' title='bbox 501 1692 645 1753; x_wconf 89' lang='lat' dir='ltr'>hellebori</span> <span class='ocrx_word' id='word_1_137' title='bbox 668 1711 762 1770; x_wconf 91' lang='lat' dir='ltr'>genus</span> <span class='ocrx_word' id='word_1_138' title='bbox 781 1691 1003 1771; x_wconf 88' lang='lat' dir='ltr'>llelampodiou.</span> <span class='ocrx_word' id='word_1_139' title='bbox 1033 1692 1121 1772; x_wconf 88' lang='lat' dir='ltr'>aliqui</span> 
     </span>
     <span class='ocr_line' id='line_1_19' title="bbox 131 1775 1120 1855; baseline 0.004 -22"><span class='ocrx_word' id='word_1_140' title='bbox 131 1783 279 1853; x_wconf 90' lang='lat' dir='ltr'>pastorem</span> <span class='ocrx_word' id='word_1_141' title='bbox 300 1775 404 1834; x_wconf 91' lang='lat' dir='ltr'>codem</span> <span class='ocrx_word' id='word_1_142' title='bbox 425 1777 540 1835; x_wconf 89' lang='lat' dir='ltr'>nomine</span> <span class='ocrx_word' id='word_1_143' title='bbox 561 1776 709 1836; x_wconf 86' lang='lat' dir='ltr'>iuvenisse</span> <span class='ocrx_word' id='word_1_144' title='bbox 730 1776 860 1853; x_wconf 91' lang='lat' dir='ltr'>tradunt,</span> <span class='ocrx_word' id='word_1_145' title='bbox 882 1790 983 1854; x_wconf 87' lang='lat' dir='ltr'>capras</span> <span class='ocrx_word' id='word_1_146' title='bbox 1001 1778 1120 1855; x_wconf 89' lang='lat' dir='ltr'>purgari</span> 
     </span>
     <span class='ocr_line' id='line_1_20' title="bbox 130 1857 1121 1939; baseline 0.005 -23"><span class='ocrx_word' id='word_1_147' title='bbox 130 1866 215 1935; x_wconf 91' lang='lat' dir='ltr'>pasto</span> <span class='ocrx_word' id='word_1_148' title='bbox 236 1857 288 1918; x_wconf 92' lang='lat' dir='ltr'>illo</span> <span class='ocrx_word' id='word_1_149' title='bbox 311 1858 603 1936; x_wconf 86' lang='lat' dir='ltr'>animadvertentem,</span> <span class='ocrx_word' id='word_1_150' title='bbox 629 1859 755 1939; x_wconf 89' lang='lat' dir='ltr'>datoque</span> <span class='ocrx_word' id='word_1_151' title='bbox 780 1859 857 1920; x_wconf 88' lang='lat' dir='ltr'>lacte</span> <span class='ocrx_word' id='word_1_152' title='bbox 877 1877 974 1920; x_wconf 88' lang='lat' dir='ltr'>earum</span> <span class='ocrx_word' id='word_1_153' title='bbox 1000 1877 1121 1921; x_wconf 88' lang='lat' dir='ltr'>sanasse</span> 
     </span>
     <span class='ocr_line' id='line_1_21' title="bbox 57 1939 1154 2022; baseline -0.001 -22"><span class='ocrx_word' id='word_1_154' title='bbox 57 1961 58 1965; x_wconf 46' lang='lat'>¹</span> <span class='ocrx_word' id='word_1_155' title='bbox 129 1939 281 2001; x_wconf 88' lang='lat' dir='ltr'>Proetidas</span> <span class='ocrx_word' id='word_1_156' title='bbox 299 1943 429 2002; x_wconf 83' lang='lat' dir='ltr'>furentis.</span> <span class='ocrx_word' id='word_1_157' title='bbox 466 1942 653 2022; x_wconf 91' lang='lat' dir='ltr'>quamohrem</span> <span class='ocrx_word' id='word_1_158' title='bbox 670 1943 706 2003; x_wconf 93' lang='lat' dir='ltr'>de</span> <span class='ocrx_word' id='word_1_159' title='bbox 726 1943 858 2003; x_wconf 91' lang='lat' dir='ltr'>omnihus</span> <span class='ocrx_word' id='word_1_160' title='bbox 879 1944 942 2003; x_wconf 89' lang='lat' dir='ltr'>eius</span> <span class='ocrx_word' id='word_1_161' title='bbox 959 1944 1119 2020; x_wconf 88' lang='lat' dir='ltr'>generibus</span> <span class='ocrx_word' id='word_1_162' title='bbox 1128 1957 1154 2002; x_wconf 86' lang='lat' dir='ltr'>ac</span> 
     </span>
     <span class='ocr_line' id='line_1_22' title="bbox 88 2024 1119 2105; baseline -0.002 -16"><span class='ocrx_word' id='word_1_163' title='bbox 88 2024 189 2089; x_wconf 76' lang='lat' dir='ltr'>l8dici</span> <span class='ocrx_word' id='word_1_164' title='bbox 210 2025 293 2085; x_wconf 91' lang='lat' dir='ltr'>simul</span> <span class='ocrx_word' id='word_1_165' title='bbox 308 2028 453 2086; x_wconf 88' lang='lat' dir='ltr'>convenit.</span> <span class='ocrx_word' id='word_1_166' title='bbox 483 2025 576 2086; x_wconf 89' lang='lat' dir='ltr'>Prima</span> <span class='ocrx_word' id='word_1_167' title='bbox 597 2026 653 2087; x_wconf 93' lang='lat' dir='ltr'>duo</span> <span class='ocrx_word' id='word_1_168' title='bbox 675 2034 757 2103; x_wconf 88' lang='lat' dir='ltr'>sunt,</span> <span class='ocrx_word' id='word_1_169' title='bbox 777 2025 924 2086; x_wconf 85' lang='lat' dir='ltr'>candidum</span> <span class='ocrx_word' id='word_1_170' title='bbox 944 2044 979 2085; x_wconf 90' lang='lat' dir='ltr'>ac</span> <span class='ocrx_word' id='word_1_171' title='bbox 998 2029 1119 2105; x_wconf 91' lang='lat' dir='ltr'>nigrum.</span> 
     </span>
     <span class='ocr_line' id='line_1_23' title="bbox 130 2108 1120 2188; baseline 0.003 -21"><span class='ocrx_word' id='word_1_172' title='bbox 130 2108 186 2168; x_wconf 91' lang='lat' dir='ltr'>boc</span> <span class='ocrx_word' id='word_1_173' title='bbox 209 2109 353 2169; x_wconf 88' lang='lat' dir='ltr'>radicibus</span> <span class='ocrx_word' id='word_1_174' title='bbox 378 2118 487 2169; x_wconf 90' lang='lat' dir='ltr'>tantum</span> <span class='ocrx_word' id='word_1_175' title='bbox 513 2110 645 2187; x_wconf 81' lang='lat' dir='ltr'>intellegi</span> <span class='ocrx_word' id='word_1_176' title='bbox 668 2111 782 2170; x_wconf 88' lang='lat' dir='ltr'>tradunt</span> <span class='ocrx_word' id='word_1_177' title='bbox 804 2109 947 2188; x_wconf 90' lang='lat' dir='ltr'>plerique,</span> <span class='ocrx_word' id='word_1_178' title='bbox 976 2108 1024 2169; x_wconf 90' lang='lat' dir='ltr'>alii</span> <span class='ocrx_word' id='word_1_179' title='bbox 1050 2111 1120 2171; x_wconf 86' lang='lat' dir='ltr'>lolia</span> 
     </span>
     <span class='ocr_line' id='line_1_24' title="bbox 129 2192 1119 2272; baseline 0.005 -23"><span class='ocrx_word' id='word_1_180' title='bbox 129 2192 204 2267; x_wconf 84' lang='lat' dir='ltr'>nigri</span> <span class='ocrx_word' id='word_1_181' title='bbox 229 2192 346 2269; x_wconf 90' lang='lat' dir='ltr'>platano</span> <span class='ocrx_word' id='word_1_182' title='bbox 373 2193 477 2253; x_wconf 85' lang='lat' dir='ltr'>similia</span> <span class='ocrx_word' id='word_1_183' title='bbox 503 2194 556 2252; x_wconf 91' lang='lat' dir='ltr'>sed</span> <span class='ocrx_word' id='word_1_184' title='bbox 581 2195 691 2254; x_wconf 82' lang='lat' dir='ltr'>minora</span> <span class='ocrx_word' id='word_1_185' title='bbox 717 2195 905 2271; x_wconf 88' lang='lat' dir='ltr'>nigrioraque</span> <span class='ocrx_word' id='word_1_186' title='bbox 932 2200 963 2253; x_wconf 94' lang='lat' dir='ltr'>et</span> <span class='ocrx_word' id='word_1_187' title='bbox 988 2193 1119 2272; x_wconf 88' lang='lat' dir='ltr'>pluribus</span> 
     </span>
     <span class='ocr_line' id='line_1_25' title="bbox 129 2273 1120 2355; baseline 0.005 -23"><span class='ocrx_word' id='word_1_188' title='bbox 129 2273 265 2334; x_wconf 87' lang='lat' dir='ltr'>divisuris</span> <span class='ocrx_word' id='word_1_189' title='bbox 282 2277 385 2351; x_wconf 88' lang='lat' dir='ltr'>scissa,</span> <span class='ocrx_word' id='word_1_190' title='bbox 401 2275 460 2335; x_wconf 89' lang='lat' dir='ltr'>alhi</span> <span class='ocrx_word' id='word_1_191' title='bbox 478 2276 566 2336; x_wconf 90' lang='lat' dir='ltr'>hetae</span> <span class='ocrx_word' id='word_1_192' title='bbox 582 2277 759 2355; x_wconf 89' lang='lat' dir='ltr'>incipientis,</span> <span class='ocrx_word' id='word_1_193' title='bbox 774 2277 847 2337; x_wconf 84' lang='lat' dir='ltr'>baec</span> <span class='ocrx_word' id='word_1_194' title='bbox 861 2293 977 2355; x_wconf 92' lang='lat' dir='ltr'>quoque</span> <span class='ocrx_word' id='word_1_195' title='bbox 990 2278 1120 2353; x_wconf 87' lang='lat' dir='ltr'>nigriora</span> 
     </span>
     <span class='ocr_line' id='line_1_26' title="bbox 130 2357 1154 2438; baseline 0.006 -23"><span class='ocrx_word' id='word_1_196' title='bbox 130 2367 159 2416; x_wconf 90' lang='lat' dir='ltr'>et</span> <span class='ocrx_word' id='word_1_197' title='bbox 174 2357 313 2417; x_wconf 87' lang='lat' dir='ltr'>canalium</span> <span class='ocrx_word' id='word_1_198' title='bbox 329 2358 418 2418; x_wconf 93' lang='lat' dir='ltr'>dorso</span> <span class='ocrx_word' id='word_1_199' title='bbox 433 2360 628 2419; x_wconf 90' lang='lat' dir='ltr'>rubescentia.</span> <span class='ocrx_word' id='word_1_200' title='bbox 665 2368 785 2438; x_wconf 89' lang='lat' dir='ltr'>utraque</span> <span class='ocrx_word' id='word_1_201' title='bbox 808 2359 890 2421; x_wconf 88' lang='lat' dir='ltr'>caule</span> <span class='ocrx_word' id='word_1_202' title='bbox 912 2359 998 2438; x_wconf 91' lang='lat' dir='ltr'>palmi</span> <span class='ocrx_word' id='word_1_203' title='bbox 1014 2360 1154 2428; x_wconf 69' lang='lat' dir='ltr'>ferula-2⁶</span> 
     </span>
     <span class='ocr_line' id='line_1_27' title="bbox 128 2441 1120 2525; baseline 0.006 -25"><span class='ocrx_word' id='word_1_204' title='bbox 128 2458 195 2517; x_wconf 93' lang='lat' dir='ltr'>ceo,</span> <span class='ocrx_word' id='word_1_205' title='bbox 217 2441 370 2502; x_wconf 91' lang='lat' dir='ltr'>bulborum</span> <span class='ocrx_word' id='word_1_206' title='bbox 391 2445 496 2503; x_wconf 87' lang='lat' dir='ltr'>tunicis</span> <span class='ocrx_word' id='word_1_207' title='bbox 517 2444 686 2521; x_wconf 88' lang='lat' dir='ltr'>convoluto,</span> <span class='ocrx_word' id='word_1_208' title='bbox 708 2443 805 2505; x_wconf 83' lang='lat' dir='ltr'>radice</span> <span class='ocrx_word' id='word_1_209' title='bbox 826 2442 967 2504; x_wconf 85' lang='lat' dir='ltr'>fimbriata</span> <span class='ocrx_word' id='word_1_210' title='bbox 984 2461 1120 2525; x_wconf 91' lang='lat' dir='ltr'>ceparum</span> 
     </span>
     <span class='ocr_line' id='line_1_28' title="bbox 128 2525 1119 2606; baseline 0.004 -22"><span class='ocrx_word' id='word_1_211' title='bbox 128 2525 222 2585; x_wconf 91' lang='lat' dir='ltr'>modo.</span> <span class='ocrx_word' id='word_1_212' title='bbox 254 2526 340 2602; x_wconf 88' lang='lat' dir='ltr'>nigro</span> <span class='ocrx_word' id='word_1_213' title='bbox 355 2528 440 2604; x_wconf 90' lang='lat' dir='ltr'>equi,</span> <span class='ocrx_word' id='word_1_214' title='bbox 464 2527 570 2604; x_wconf 87' lang='lat' dir='ltr'>hoves,</span> <span class='ocrx_word' id='word_1_215' title='bbox 592 2546 660 2588; x_wconf 90' lang='lat' dir='ltr'>sues</span> <span class='ocrx_word' id='word_1_216' title='bbox 677 2536 824 2604; x_wconf 87' lang='lat' dir='ltr'>necantur,</span> <span class='ocrx_word' id='word_1_217' title='bbox 848 2529 945 2604; x_wconf 90' lang='lat' dir='ltr'>itaque</span> <span class='ocrx_word' id='word_1_218' title='bbox 961 2537 1065 2588; x_wconf 86' lang='lat' dir='ltr'>cavent</span> <span class='ocrx_word' id='word_1_219' title='bbox 1079 2528 1119 2606; x_wconf 92' lang='lat' dir='ltr'>id,</span> 
     </span>
     <span class='ocr_line' id='line_1_29' title="bbox 130 2609 1117 2690; baseline 0.004 -22"><span class='ocrx_word' id='word_1_220' title='bbox 130 2627 193 2668; x_wconf 87' lang='lat' dir='ltr'>cum</span> <span class='ocrx_word' id='word_1_221' title='bbox 207 2609 328 2670; x_wconf 90' lang='lat' dir='ltr'>candido</span> <span class='ocrx_word' id='word_1_222' title='bbox 344 2619 507 2671; x_wconf 86' lang='lat' dir='ltr'>vescantur.</span> <span class='ocrx_word' id='word_1_223' title='bbox 531 2614 735 2690; x_wconf 85' lang='lat' dir='ltr'>tempestivum</span> <span class='ocrx_word' id='word_1_224' title='bbox 752 2630 819 2671; x_wconf 89' lang='lat' dir='ltr'>esse</span> <span class='ocrx_word' id='word_1_225' title='bbox 836 2610 950 2670; x_wconf 86' lang='lat' dir='ltr'>tradunt</span> <span class='ocrx_word' id='word_1_226' title='bbox 963 2612 1117 2672; x_wconf 88' lang='lat' dir='ltr'>messibus.</span> 
     </span>
     <span class='ocr_line' id='line_1_30' title="bbox 85 2692 1118 2772; baseline 0.004 -20"><span class='ocrx_word' id='word_1_227' title='bbox 85 2701 119 2755; x_wconf 79' lang='lat'>49</span> <span class='ocrx_word' id='word_1_228' title='bbox 130 2692 289 2768; x_wconf 90' lang='lat' dir='ltr'>plurumum</span> <span class='ocrx_word' id='word_1_229' title='bbox 310 2701 407 2754; x_wconf 88' lang='lat' dir='ltr'>autem</span> <span class='ocrx_word' id='word_1_230' title='bbox 427 2697 555 2755; x_wconf 89' lang='lat' dir='ltr'>nascitur</span> <span class='ocrx_word' id='word_1_231' title='bbox 576 2697 605 2754; x_wconf 93' lang='lat' dir='ltr'>iu</span> <span class='ocrx_word' id='word_1_232' title='bbox 621 2694 696 2754; x_wconf 89' lang='lat' dir='ltr'>Oete</span> <span class='ocrx_word' id='word_1_233' title='bbox 717 2703 828 2770; x_wconf 90' lang='lat' dir='ltr'>moute,</span> <span class='ocrx_word' id='word_1_234' title='bbox 849 2703 879 2754; x_wconf 92' lang='lat' dir='ltr'>et</span> <span class='ocrx_word' id='word_1_235' title='bbox 901 2702 1046 2772; x_wconf 90' lang='lat' dir='ltr'>optumum</span> <span class='ocrx_word' id='word_1_236' title='bbox 1061 2713 1118 2756; x_wconf 90' lang='lat' dir='ltr'>uuo</span> 
     </span>
     <span class='ocr_line' id='line_1_31' title="bbox 128 2775 1154 2856; baseline 0.003 -24"><span class='ocrx_word' id='word_1_237' title='bbox 128 2775 191 2832; x_wconf 92' lang='lat' dir='ltr'>eius</span> <span class='ocrx_word' id='word_1_238' title='bbox 206 2775 274 2834; x_wconf 92' lang='lat' dir='ltr'>loco</span> <span class='ocrx_word' id='word_1_239' title='bbox 289 2777 366 2835; x_wconf 92' lang='lat' dir='ltr'>circa</span> <span class='ocrx_word' id='word_1_240' title='bbox 382 2775 493 2852; x_wconf 71' lang='lat' dir='ltr'>Pyram.</span> <span class='ocrx_word' id='word_1_241' title='bbox 523 2779 636 2854; x_wconf 89' lang='lat' dir='ltr'>nigrum</span> <span class='ocrx_word' id='word_1_242' title='bbox 655 2778 762 2856; x_wconf 91' lang='lat' dir='ltr'>ubique</span> <span class='ocrx_word' id='word_1_243' title='bbox 779 2779 927 2856; x_wconf 84' lang='lat' dir='ltr'>provenit,</span> <span class='ocrx_word' id='word_1_244' title='bbox 946 2778 999 2837; x_wconf 92' lang='lat' dir='ltr'>sed</span> <span class='ocrx_word' id='word_1_245' title='bbox 1014 2778 1117 2838; x_wconf 89' lang='lat' dir='ltr'>melius</span> <span class='ocrx_word' id='word_1_246' title='bbox 1128 2793 1154 2835; x_wconf 81' lang='lat' dir='ltr'>to</span> 
     </span>
     <span class='ocr_line' id='line_1_32' title="bbox 126 2854 1119 2935; baseline 0.008 -22"><span class='ocrx_word' id='word_1_247' title='bbox 126 2856 155 2914; x_wconf 93' lang='lat' dir='ltr'>in</span> <span class='ocrx_word' id='word_1_248' title='bbox 179 2854 332 2933; x_wconf 76' lang='lat' dir='ltr'>helicone,</span> <span class='ocrx_word' id='word_1_249' title='bbox 354 2860 403 2935; x_wconf 94' lang='lat' dir='ltr'>qui</span> <span class='ocrx_word' id='word_1_250' title='bbox 424 2877 507 2919; x_wconf 90' lang='lat' dir='ltr'>mous</span> <span class='ocrx_word' id='word_1_251' title='bbox 529 2867 559 2919; x_wconf 90' lang='lat' dir='ltr'>et</span> <span class='ocrx_word' id='word_1_252' title='bbox 582 2859 646 2918; x_wconf 91' lang='lat' dir='ltr'>aliis</span> <span class='ocrx_word' id='word_1_253' title='bbox 671 2860 800 2920; x_wconf 90' lang='lat' dir='ltr'>laudatur</span> <span class='ocrx_word' id='word_1_254' title='bbox 820 2859 928 2920; x_wconf 85' lang='lat' dir='ltr'>herbis.</span> <span class='ocrx_word' id='word_1_255' title='bbox 970 2860 1119 2921; x_wconf 89' lang='lat' dir='ltr'>candidum</span> 
     </span>
     <span class='ocr_line' id='line_1_33' title="bbox 128 2938 1119 3021; baseline 0.007 -25"><span class='ocrx_word' id='word_1_256' title='bbox 128 2938 268 3016; x_wconf 91' lang='lat' dir='ltr'>probatur</span> <span class='ocrx_word' id='word_1_257' title='bbox 289 2941 445 3000; x_wconf 91' lang='lat' dir='ltr'>secuudum</span> <span class='ocrx_word' id='word_1_258' title='bbox 465 2941 606 3002; x_wconf 85' lang='lat' dir='ltr'>Oetaeum</span> <span class='ocrx_word' id='word_1_259' title='bbox 621 2942 786 3021; x_wconf 89' lang='lat' dir='ltr'>Ponticum,</span> <span class='ocrx_word' id='word_1_260' title='bbox 808 2945 897 3004; x_wconf 89' lang='lat' dir='ltr'>tertio</span> <span class='ocrx_word' id='word_1_261' title='bbox 920 2944 988 3004; x_wconf 95' lang='lat' dir='ltr'>loco</span> <span class='ocrx_word' id='word_1_262' title='bbox 1010 2943 1119 3004; x_wconf 87' lang='lat' dir='ltr'>Eleati-</span> 
     </span>
    </p>
   </div>
   <div class='ocr_carea' id='block_1_3' title="bbox 84 3022 1153 3521">
    <p class='ocr_par' dir='ltr' id='par_1_3' title="bbox 84 3022 1153 3521">
     <span class='ocr_line' id='line_1_34' title="bbox 127 3022 1118 3106; baseline 0.008 -27"><span class='ocrx_word' id='word_1_263' title='bbox 127 3039 189 3080; x_wconf 92' lang='lat' dir='ltr'>cum</span> <span class='ocrx_word' id='word_1_264' title='bbox 212 3022 289 3099; x_wconf 95' lang='lat' dir='ltr'>quod</span> <span class='ocrx_word' id='word_1_265' title='bbox 309 3024 339 3081; x_wconf 91' lang='lat' dir='ltr'>in</span> <span class='ocrx_word' id='word_1_266' title='bbox 362 3023 470 3083; x_wconf 88' lang='lat' dir='ltr'>vitibus</span> <span class='ocrx_word' id='word_1_267' title='bbox 492 3027 571 3085; x_wconf 91' lang='lat' dir='ltr'>nasci</span> <span class='ocrx_word' id='word_1_268' title='bbox 591 3026 705 3103; x_wconf 87' lang='lat' dir='ltr'>ierunt,</span> <span class='ocrx_word' id='word_1_269' title='bbox 728 3035 831 3105; x_wconf 88' lang='lat' dir='ltr'>quarto</span> <span class='ocrx_word' id='word_1_270' title='bbox 852 3027 1019 3087; x_wconf 84' lang='lat' dir='ltr'>Parnasium</span> <span class='ocrx_word' id='word_1_271' title='bbox 1041 3028 1118 3106; x_wconf 91' lang='lat' dir='ltr'>quod</span> 
     </span>
     <span class='ocr_line' id='line_1_35' title="bbox 127 3104 1118 3188; baseline 0.006 -24"><span class='ocrx_word' id='word_1_272' title='bbox 127 3104 306 3165; x_wconf 87' lang='lat' dir='ltr'>adulteratur</span> <span class='ocrx_word' id='word_1_273' title='bbox 314 3105 452 3166; x_wconf 85' lang='lat' dir='ltr'>Aetolico</span> <span class='ocrx_word' id='word_1_274' title='bbox 469 3125 508 3168; x_wconf 85' lang='lat' dir='ltr'>ex</span> <span class='ocrx_word' id='word_1_275' title='bbox 523 3110 628 3168; x_wconf 83' lang='lat' dir='ltr'>vicino.</span> <span class='ocrx_word' id='word_1_276' title='bbox 661 3111 773 3188; x_wconf 90' lang='lat' dir='ltr'>nigrum</span> <span class='ocrx_word' id='word_1_277' title='bbox 789 3128 827 3170; x_wconf 83' lang='lat' dir='ltr'>eu</span> <span class='ocrx_word' id='word_1_278' title='bbox 839 3110 884 3170; x_wconf 93' lang='lat' dir='ltr'>his</span> <span class='ocrx_word' id='word_1_279' title='bbox 896 3108 1118 3188; x_wconf 88' lang='lat' dir='ltr'>llelampodium</span> 
     </span>
     <span class='ocr_line' id='line_1_36' title="bbox 126 3189 1153 3272; baseline 0.003 -26"><span class='ocrx_word' id='word_1_280' title='bbox 126 3194 246 3264; x_wconf 88' lang='lat' dir='ltr'>vocant,</span> <span class='ocrx_word' id='word_1_281' title='bbox 274 3206 330 3267; x_wconf 93' lang='lat' dir='ltr'>quo</span> <span class='ocrx_word' id='word_1_282' title='bbox 354 3196 384 3249; x_wconf 93' lang='lat' dir='ltr'>et</span> <span class='ocrx_word' id='word_1_283' title='bbox 407 3189 508 3251; x_wconf 91' lang='lat' dir='ltr'>domos</span> <span class='ocrx_word' id='word_1_284' title='bbox 530 3193 647 3252; x_wconf 90' lang='lat' dir='ltr'>suiliunt</span> <span class='ocrx_word' id='word_1_285' title='bbox 668 3202 860 3272; x_wconf 88' lang='lat' dir='ltr'>purgantque,</span> <span class='ocrx_word' id='word_1_286' title='bbox 890 3201 1064 3272; x_wconf 84' lang='lat' dir='ltr'>spargentes</span> <span class='ocrx_word' id='word_1_287' title='bbox 1087 3201 1153 3254; x_wconf 80' lang='lat' dir='ltr'>etas</span> 
     </span>
     <span class='ocr_line' id='line_1_37' title="bbox 84 3275 1117 3354; baseline 0.001 -19"><span class='ocrx_word' id='word_1_288' title='bbox 84 3283 249 3350; x_wconf 81' lang='lat' dir='ltr'>topeeora,</span> <span class='ocrx_word' id='word_1_289' title='bbox 271 3288 335 3331; x_wconf 90' lang='lat' dir='ltr'>cum</span> <span class='ocrx_word' id='word_1_290' title='bbox 356 3276 527 3351; x_wconf 90' lang='lat' dir='ltr'>precatione</span> <span class='ocrx_word' id='word_1_291' title='bbox 544 3275 687 3337; x_wconf 88' lang='lat' dir='ltr'>sollemni.</span> <span class='ocrx_word' id='word_1_292' title='bbox 718 3277 774 3336; x_wconf 89' lang='lat' dir='ltr'>hoc</span> <span class='ocrx_word' id='word_1_293' title='bbox 794 3285 825 3337; x_wconf 91' lang='lat' dir='ltr'>ct</span> <span class='ocrx_word' id='word_1_294' title='bbox 846 3277 1015 3354; x_wconf 85' lang='lat' dir='ltr'>religiosius</span> <span class='ocrx_word' id='word_1_295' title='bbox 1035 3277 1117 3337; x_wconf 90' lang='lat' dir='ltr'>eolli-</span> 
     </span>
     <span class='ocr_line' id='line_1_38' title="bbox 126 3356 1117 3440; baseline 0.006 -27"><span class='ocrx_word' id='word_1_296' title='bbox 126 3357 215 3431; x_wconf 88' lang='lat' dir='ltr'>gitur,</span> <span class='ocrx_word' id='word_1_297' title='bbox 237 3356 358 3431; x_wconf 90' lang='lat' dir='ltr'>primum</span> <span class='ocrx_word' id='word_1_298' title='bbox 382 3359 458 3416; x_wconf 89' lang='lat' dir='ltr'>euim</span> <span class='ocrx_word' id='word_1_299' title='bbox 480 3358 578 3435; x_wconf 91' lang='lat' dir='ltr'>gladio</span> <span class='ocrx_word' id='word_1_300' title='bbox 600 3361 854 3436; x_wconf 86' lang='lat' dir='ltr'>circumscribitur,</span> <span class='ocrx_word' id='word_1_301' title='bbox 876 3361 944 3421; x_wconf 87' lang='lat' dir='ltr'>dein</span> <span class='ocrx_word' id='word_1_302' title='bbox 959 3363 1007 3440; x_wconf 91' lang='lat' dir='ltr'>qui</span> <span class='ocrx_word' id='word_1_303' title='bbox 1027 3363 1117 3422; x_wconf 88' lang='lat' dir='ltr'>succi·</span> 
     </span>
     <span class='ocr_line' id='line_1_39' title="bbox 126 3439 1117 3521; baseline 0.008 -25"><span class='ocrx_word' id='word_1_304' title='bbox 126 3455 210 3496; x_wconf 88' lang='lat' dir='ltr'>surus</span> <span class='ocrx_word' id='word_1_305' title='bbox 226 3445 272 3497; x_wconf 92' lang='lat' dir='ltr'>est</span> <span class='ocrx_word' id='word_1_306' title='bbox 287 3447 380 3498; x_wconf 89' lang='lat' dir='ltr'>ortum</span> <span class='ocrx_word' id='word_1_307' title='bbox 396 3449 509 3519; x_wconf 89' lang='lat' dir='ltr'>spectat</span> <span class='ocrx_word' id='word_1_308' title='bbox 525 3450 555 3502; x_wconf 90' lang='lat' dir='ltr'>et</span> <span class='ocrx_word' id='word_1_309' title='bbox 575 3451 712 3521; x_wconf 89' lang='lat' dir='ltr'>precatur</span> <span class='ocrx_word' id='word_1_310' title='bbox 733 3451 763 3502; x_wconf 90' lang='lat' dir='ltr'>ut</span> <span class='ocrx_word' id='word_1_311' title='bbox 784 3442 813 3503; x_wconf 95' lang='lat' dir='ltr'>id</span> <span class='ocrx_word' id='word_1_312' title='bbox 836 3442 924 3504; x_wconf 86' lang='lat' dir='ltr'>liceat</span> <span class='ocrx_word' id='word_1_313' title='bbox 938 3444 994 3504; x_wconf 90' lang='lat' dir='ltr'>sibi</span> <span class='ocrx_word' id='word_1_314' title='bbox 1012 3439 1117 3504; x_wconf 87' lang='lat' dir='ltr'>conce-</span> 
     </span>
    </p>
   </div>
   <div class='ocr_carea' id='block_1_4' title="bbox 0 0 1204 3840">
    <p class='ocr_par' dir='ltr' id='par_1_4' title="bbox 0 0 1204 3840">
     <span class='ocr_line' id='line_1_40' title="bbox 0 0 1204 3840; baseline 0 1"><span class='ocrx_word' id='word_1_315' title='bbox 0 0 1204 3840; x_wconf 95' lang='lat' dir='ltr'> </span> 
     </span>
    </p>
   </div>
  </div>
 </body>
</html>
