2400 3840
302 193 488 241 00000100.
505 194 618 241 xxrnr.
636 187 678 244 13.
686 188 726 240 14.
744 182 895 260 (ao-ro.)
1044 184 1089 257 55=

95 357 288 409 crematorum
305 365 387 406 uvam
404 352 550 425 reprimat.
580 348 650 409 iolla
676 365 791 426 quoque
819 349 946 408 arelacta
965 355 995 410 et
1015 365 1083 408 con·

96 441 179 491 tunsa
195 433 386 492 iumentorum
408 430 553 491 ulceribus
569 431 649 492 utilia
667 430 821 491 traduntur.
847 449 927 491 mora
944 448 1017 510 quae
1034 433 1126 495 70170

95 515 310 576 7700000007οι
324 513 372 573 vel
392 514 586 577 efficaciorem
607 515 779 576 stomaticen
795 515 983 592 praebuerint
1001 531 1084 591 quam
1126 557 1129 560 <

96 599 187 658 sativa
201 615 308 658 marrus.
328 597 428 658 eadem
442 600 647 677 conpositione
665 597 714 657 vel
731 615 794 656 cum
809 597 1012 676 hypocisthide
1024 607 1084 658 tan·

68 690 154 743 stum
168 689 201 743 et
216 681 303 741 melle
315 680 452 741 bibuntur
462 683 492 740 ln
507 681 624 742 cholera
634 689 694 742 eta
709 680 846 741 cardiacis
863 690 892 740 et
908 691 1008 741 contra
1022 699 1084 741 ara·
1139 741 1142 746 ,

93 782 176 827 neos.
194 766 271 826 inter
283 764 489 825 medicamenta
515 783 588 843 quae
601 766 725 843 styptica
735 773 841 824 vocant
856 764 924 825 nihil
937 765 1083 826 efficacius

93 847 157 916 rubi
172 864 252 908 mora
268 849 390 909 ferentis
413 847 510 908 radice
534 848 655 909 decocta
675 849 706 906 in
720 848 787 907 vino
808 848 844 908 ad
859 850 961 907 tertias
978 850 1082 926 partis,

92 938 124 989 ut
137 931 309 991 conluantur
323 948 360 991 eo
378 932 438 990 oris
450 930 547 992 ulcera
564 941 594 992 et
611 930 688 1006 sedis
706 932 927 1010 foveanturque,
943 940 1021 992 tanta
1037 933 1081 992 vis

10 1063 13 1074 .
94 1022 185 1075 00707
200 1032 350 1092 spongeae
366 1017 448 1092 ipsae
465 1012 650 1093 lapidescant

70 1127 238 1206 (0-74.)
269 1126 402 1186 Alterum
418 1144 511 1203 genus
535 1128 643 1187 rubim
661 1145 719 1205 quo
735 1144 803 1188 0000
820 1129 948 1187 00007700
968 1128 1063 1205 gignit
1074 1138 1121 1191 171

92 1199 210 1289 pilulam
221 1218 375 1270 castaneae
385 1209 518 1286 similem,
531 1210 685 1271 calculosis
700 1213 857 1288 praecipuo
871 1209 1010 1270 remedio
1027 1210 1083 1271 alia

93 1301 140 1354 est
153 1293 335 1370 cynorrhoda
348 1310 430 1370 qnam
444 1311 586 1372 proxumo
598 1295 725 1354 dicemus
738 1293 893 1353 volumine.
925 1295 972 1353 14
982 1290 1103 1379 ily-,4
1057 1293 1086 1334 ¹⁶·
1099 1291 1121 1328 ¹⁷

92 1376 488 1454 nosbatonaliicynapanxin,
503 1377 551 1437 alii
567 1385 780 1455 neurospaston
787 1383 900 1435 vocant
919 1375 1019 1436 lolium
1034 1341 1097 1436 70

92 1459 145 1520 bet
161 1461 291 1547 vestigio
312 1460 435 1520 hominis
460 1461 563 1520 simile.
590 1461 649 1521 fert
669 1469 700 1520 07
714 1476 796 1519 uvam
811 1461 932 1537 nigram,
953 1461 984 1519 in
1001 1460 1082 1518 cuius

58 1545 177 1605 aeaeino
193 1561 314 1604 nervom
331 1541 430 1620 hahet,
445 1543 520 1605 unde
529 1550 738 1625 neurospastos
746 1543 859 1619 ducitur,
868 1551 929 1603 tota
937 1542 1083 1620 ahaquam

93 1628 210 1707 cappari
230 1627 309 1706 quod
324 1626 427 1687 medici
442 1628 624 1702 cynosbaton
645 1626 875 1706 appellaverunt.
904 1625 987 1686 huius
1004 1624 1082 1702 thyr-

93 1728 143 1770 sus
160 1710 196 1770 ad
211 1710 339 1771 remedia
355 1709 466 1788 splenis
484 1718 514 1770 07
530 1711 694 1771 7070770000
711 1710 842 1772 conditus
859 1727 897 1770 ex
911 1717 996 1770 aceto
1005 1726 1082 1768 man

93 1793 177 1853 77700.
208 1813 316 1873 nervus
341 1796 404 1854 eius
426 1811 490 1853 curn
512 1794 650 1854 mastiche
683 1792 753 1854 Chia
781 1794 1019 1855 conmanducatus
1047 1809 1081 1854 os

92 1886 207 1954 purgat,
244 1876 393 1937 Ruborum
418 1891 487 1937 rosa
510 1877 658 1954 alopecias
680 1894 744 1937 oum
767 1880 892 1954 axungia
918 1876 1061 1951 emendat,
1074 1884 1125 1942 177

56 1972 174 2020 aomora
188 1960 321 2039 capillum
334 1961 447 2037 tingunt
463 1978 524 2020 oum
541 1959 709 2037 omphacino
722 1960 799 2021 oleo.
825 1959 880 2019 dos
895 1961 968 2018 mori
984 1976 1083 2019 messe

92 2043 248 2121 colligitur.
283 2042 417 2103 candidus
443 2043 605 2123 pleuriticis
635 2044 808 2121 praecipuus
832 2060 870 2102 ox
889 2044 957 2102 vino
983 2050 1082 2121 potus,

91 2127 161 2186 item
177 2127 323 2187 coeliacis.
355 2127 437 2186 radix
454 2126 489 2186 ad
504 2129 605 2187 tertias
621 2127 742 2187 decocta
763 2124 857 2186 alvom
872 2128 951 2185 sistit
969 2133 999 2185 et
1019 2143 1082 2185 san·

91 2211 220 2287 guinem,
235 2212 305 2270 item
315 2209 411 2270 dentis
428 2209 561 2271 conlutoa
574 2209 709 2272 decocto.
741 2209 845 2270 eodem
860 2227 931 2269 suco
942 2211 1083 2269 -ioventur

93 2292 173 2354 sedis
186 2301 276 2372 atque
289 2293 458 2371 genitalium
478 2293 584 2354 ulcera.
616 2295 688 2354 cinis
701 2294 832 2354 e‘radice
845 2294 977 2371 reprimit
992 2309 1082 2352 uvam.

56 2409 84 2469 a'o
155 2413 239 2492 (75.)
271 2411 373 2472 Idaeus
391 2412 480 2473 rubus
493 2413 655 2492 appellatus
672 2421 730 2491 007,
751 2415 884 2491 qnoniam
898 2412 928 2470 in
941 2410 991 2470 lda
1004 2418 1126 2474 000177

92 2478 309 2561 aliusnascitnr.
326 2505 372 2556 est
383 2505 477 2557 007000
489 2497 621 2558 70000700
632 2497 778 2574 aominor,
790 2494 949 2555 rarioribus
964 2493 1080 2552 calamis

95 2579 419 2658 innocentioribusque,
437 2579 490 2639 sub
505 2580 640 2640 arborum
656 2578 756 2638 umbra
772 2595 903 2638 nascens.
927 2575 1011 2635 huius
1028 2573 1082 2642 dos

92 2682 158 2726 cnm
168 2662 255 2727 melle
272 2663 422 2742 epiphoris
437 2660 566 2724 inlinitur
582 2670 612 2723 07
626 2662 742 2741 ignibus
759 2662 861 2736 sacris,
885 2656 1082 2722 stomachicis·

61 2767 151 2829 qne
169 2767 208 2810 ex
222 2765 309 2828 aqua
307 2745 452 2809 bibendus
469 2746 561 2826 datur,
577 2755 677 2809 cetera
693 2745 794 2806 eadem
806 2752 935 2823 praestat
949 2759 1023 2822 quae
1035 2758 1081 2801 su-

58 2851 145 2914 aopru
161 2833 246 2896 dicta

43 2954 48 2959 ·
156 2934 239 3013 (76)
270 2933 350 2995 707οι
363 2954 473 3013 genera
485 2936 621 2997 ruborum
633 2935 767 2996 rhamnos
778 2931 940 3013 appellatur
954 2929 1065 2992 0.-(7000
1074 2941 1125 2997 rat

91 3016 302 3093 circandldior,
311 3018 481 3082 fruticosior
495 3028 526 3080 et
538 3037 634 3080 ramos
646 3018 886 3099 spargensrectis
894 3015 1015 3092 aculeis,
1024 3033 1082 3076 non

92 3107 124 3159 ut
137 3101 231 3160 ceteri
246 3100 380 3175 aduncis,
394 3101 474 3163 loliis
497 3103 661 3165 maioribus.
693 3103 814 3163 alterum
836 3119 929 3178 genus
956 3101 1018 3161 07οε
1033 3100 1082 3160 sil·

91 3191 211 3260 vestre,
225 3184 336 3260 nigrius
358 3193 389 3244 et
405 3185 609 3261 quadamtenus
630 3186 756 3262 rubens,
777 3186 835 3244 7007
858 3183 948 3244 veluti
968 3183 1081 3244 follicu-

56 3264 146 3326 sslos.
176 3265 261 3330 huius
276 3266 373 3327 radico
385 3268 507 3329 dococta
521 3268 550 3327 in
563 3285 635 3346 aqua
650 3269 681 3327 777
695 3268 930 3330 medicamentum
943 3265 1019 3343 quod
1030 3282 1080 3323 vo·

92 3357 173 3409 catur
185 3349 312 3426 Lycium.
328 3368 429 3411 semen
443 3350 585 3411 secundas
600 3351 694 3412 trahit.
725 3353 801 3413 alter
812 3351 863 3411 ille
876 3347 1022 3409 candidior
1033 3346 1080 3405 ad-

93 3435 210 3511 stringit
225 3435 327 3510 mugis,
351 3434 519 3510 refrigerat,
538 3433 762 3496 collectionibus
781 3443 811 3494 et
842 3429 1015 3492 volneribus
1032 3427 1085 3486 ad-
