2400 3840
319 228 399 274 aar.
418 225 509 273 rursu.
526 224 635 271 xxm.
653 222 756 274 1c.11.
777 213 835 288 (aa.
852 208 911 287 53.)
1046 211 1110 272 '311

114 403 193 466 pex,
212 381 349 458 anguilla,
366 396 499 454 araneus,
514 379 600 455 hoca,
617 377 703 453 batia,
723 374 860 451 bacchus,
876 375 1041 450 hatrashus,
1063 376 1115 436 na.

115 471 333 542 lonae—quos
343 463 637 523 aculeatosvocamus
643 491 696 535 -,
704 459 834 520 balanus.
849 460 1157 534 corros,citharus146

115 551 299 612 rhomborum
321 547 439 623 generis
461 562 628 624 pessumus,
652 543 778 618 chalcis,
810 542 916 615 cobio,
935 543 1056 617 collyris
1074 575 1117 590 -—

114 635 273 696 asellorum
292 631 428 708 generis,
451 630 478 689 ni
492 631 583 689 minor
605 637 686 688 esset
699 663 757 702 -,
781 628 873 688 colias
888 629 950 687 sive
968 627 1115 688 Partianus

87 720 180 778 ssive
198 718 351 777 Sexitanus
372 732 389 772 a
411 715 502 791 patria
523 713 658 787 Baetica,
685 713 860 774 lacertorum
881 712 995 770 minumi
1015 710 1050 771 ah
1071 712 1115 771 his

115 801 268 875 Maeotici,
292 798 406 873 cybium
418 798 515 857 -ita
533 806 655 856 vocatur
671 800 789 857 concisa
806 795 935 874 pelamys
954 813 1027 873 quae
1048 803 1115 873 post

116 885 168 944 Xh
184 885 247 944 dies
263 882 379 942 aPontc
392 882 420 940 in
428 882 563 942 Maeotim
578 882 791 956 revertitur-,
809 879 927 954 cordyla
940 913 983 925 -
998 879 1115 938 ethaeo

120 967 252 1046 pelamys
270 966 382 1045 pusilla,
405 982 468 1024 cum
483 965 512 1022 in
526 963 647 1024 Pontum
663 983 678 1022 e
694 963 839 1024 hlaeotide
856 964 924 1039 exit,
940 962 998 1023 hoc
1011 979 1114 1022 nomen

117 1051 204 1112 hahet
218 1083 276 1126 -,
299 1050 469 1122 cantharus,
488 1047 677 1121 callionymus
691 1049 755 1107 sire
771 1064 987 1125 uranoscopus,
1004 1047 1114 1106 cinaedi

76 1153 104 1194 ao
115 1135 171 1195 soli
184 1137 306 1213 piscium
318 1133 398 1205 lutei,
407 1130 539 1191 cnide—
554 1148 636 1209 quarn
644 1148 697 1190 nos
712 1133 831 1190 articam
842 1140 1039 1208 vocamus—,
1049 1149 1114 1191 oan-

115 1234 229 1278 crorum
241 1235 360 1295 genera,
374 1215 493 1274 chemae
505 1216 632 1292 striatas,
645 1215 764 1273 chemae
773 1213 867 1289 leves,
882 1215 1001 1275 chemae
1014 1215 1095 1293 pelo·
1106 1222 1155 1277 147

114 1300 206 1361 ridum
216 1302 334 1378 generis
344 1300 482 1359 varietate
489 1298 627 1357 distantes
637 1306 666 1357 et
677 1296 863 1373 rotunditate,
880 1298 1000 1357 chemae
1012 1299 1113 1374 glycy-

114 1385 289 1444 marides-a-
300 1402 374 1462 quae
387 1391 450 1441 sunt
461 1383 586 1441 maiores
600 1397 684 1460 quam
696 1379 902 1460 pelorides-,
911 1381 1038 1440 coluthia
1051 1382 1114 1439 sive

116 1469 268 1546 coryphia,
279 1468 451 1528 concharum
460 1466 779 1542 genera—interquae
787 1465 1112 1540 etmargaritiierae-,

77 1575 105 1616 rs
116 1551 241 1611 cochloe
252 1584 294 1597 -
306 1569 424 1628 quorum
439 1551 558 1626 generis
571 1548 774 1627 pentadactyli,
787 1549 853 1606 item
866 1547 988 1622 helices,
1002 1549 1038 1608 ah
1049 1549 1113 1608 aliis

115 1633 329 1712 actinophoroe
339 1633 479 1706 dicuntur,
493 1633 597 1711 quihus
611 1641 735 1708 cantant,
753 1639 834 1690 extra
846 1630 920 1690 haec
939 1641 1003 1691 sunt
1015 1642 1112 1691 rotun·

115 1718 212 1777 dacin
225 1716 334 1777 oleario
347 1735 399 1775 usu
412 1718 591 1792 cocleae—,
609 1718 746 1790 cucumis,
756 1731 876 1793 cynops,
886 1733 1053 1791 cammarus,
1063 1732 1111 1788 cy·

115 1801 266 1877 nosderia,
275 1800 362 1860 draco
371 1833 413 1846 -
425 1801 536 1878 quidam
552 1799 630 1860 aliud
640 1800 739 1860 volunt
751 1817 819 1857 esse
831 1798 1045 1874 dracunculum,
1054 1806 1156 1863 est148

115 1893 208 1944 autem
222 1884 386 1961 gerriculae
400 1893 513 1960 emptae
527 1885 638 1956 similis,
652 1883 771 1942 aculeos
785 1884 814 1940 in
824 1881 968 1941 branchiis
978 1881 1066 1940 hahet
1076 1881 1113 1940 ad

78 1984 104 2025 ao
117 1965 234 2026 caudam
247 1968 416 2042 spectantis,
430 1968 472 2022 sic
484 1974 513 2023 ut
525 1966 643 2041 scorpio
660 1965 755 2038 laedit,
768 1962 833 2021 dum
845 1981 927 2022 manu
943 1965 1053 2025 tollitur
1059 1998 1111 2040 -·—,

114 2049 274 2123 erythinus,
292 2047 438 2120 echenais,
453 2045 584 2120 echinus,
598 2046 743 2123 elephanti
753 2078 797 2091 -—
810 2046 983 2106 locustarum
995 2051 1112 2125 generis

113 2134 199 2208 nigri,
215 2128 340 2208 pedihus
352 2130 498 2206 quaternis
510 2128 640 2203 bisulcis,
656 2137 808 2207 praeterea
820 2128 956 2190 bracchia
968 2130 1023 2190 duo
1038 2132 1113 2191 hinis

113 2213 242 2274 articulis
255 2213 436 2290 singulisque
448 2213 790 2273 iorhcihusdenticulatis
799 2247 851 2289 ·-,
868 2212 944 2273 labri
957 2215 1019 2275 sive
1034 2233 1117 2292 caes,-

112 2298 291 2374 glauciscus,
300 2297 405 2373 glanis,
414 2314 538 2373 gorger,
546 2298 652 2372 girres,
665 2297 778 2374 galeos,
787 2315 886 2375 garos,
901 2299 1018 2376 hippos,
1034 2298 1155 2376 bip-149

79 2404 105 2444 as
118 2399 217 2460 puros,
226 2381 357 2458 hirundo,
366 2380 802 2459 halipleumon,hippccampos,
810 2382 910 2458 hepar,
918 2383 1111 2460 ictinus,iulis,

113 2466 286 2525 lacertorum
307 2482 433 2541 genera,
450 2464 553 2539 lolligo
568 2464 707 2540 volitans,
721 2464 865 2540 locustae,
885 2464 1019 2540 lucerna,
1041 2465 1112 2526 lele-

114 2551 191 2628 pris,
205 2548 327 2623 larinus,
350 2549 451 2626 lepus,
466 2547 569 2606 leones
581 2579 623 2592 —-
641 2564 761 2624 quorum
784 2548 920 2608 bracchia
940 2550 1052 2608 cancris
1074 2550 1111 2607 si·

112 2631 189 2690 milia
204 2641 278 2707 sunt,
294 2633 407 2710 reliqua
423 2636 490 2709 pars
507 2631 639 2690 locustae
650 2664 701 2704 -,
717 2632 832 2708 mullus,
849 2632 958 2692 merula
974 2634 1048 2692 inter
1065 2649 1110 2693 sa·

113 2713 210 2773 ratilis
221 2713 346 2789 laudata,
355 2715 453 2791 mugil,
462 2714 634 2790 melanurus,
645 2732 736 2791 mena,
749 2715 881 2792 maeotis,
893 2733 1021 2791 murena,
1037 2732 1111 2791 mys,

78 2794 245 2869 aomitulus,
262 2799 405 2873 myiscas,
422 2801 528 2876 murix,
544 2799 668 2873 oculata,
685 2799 833 2876 ophidion,
850 2809 960 2874 ostrea,
978 2800 1046 2876 otia,
1062 2815 1108 2857 or·

113 2879 307 2951 cynas-hic
317 2889 361 2940 est
373 2881 554 2959 pelamydum
564 2885 681 2959 generis
690 2899 847 2959 maxumus,
855 2901 952 2960 neque
962 2881 1111 2960 ipseredit

111 2964 140 3020 in
155 2961 301 3039 Maeotim,
318 2964 418 3022 similis
435 2967 552 3042 tritomi,
567 2975 709 3025 vetustate
725 2967 829 3027 melior
840 3001 891 3040 -,
906 2965 997 3042 orbis,
1013 2965 1108 3025 ortha-

112 3046 258 3120 goriscus,
280 3048 401 3125 phager,
415 3048 517 3126 phycis
536 3050 705 3126 saxatilium,
725 3051 911 3127 pelamys-
926 3067 1023 3108 earum
1037 3066 1088 3125 ge·
1101 3061 1152 3112 150

112 3128 190 3187 neris
208 3146 338 3187 maxuma
359 3132 509 3208 apolectos
524 3142 644 3192 vocatur
666 3134 763 3193 durius
785 3136 900 3194 tritomo
915 3164 971 3209 -,
988 3150 1106 3210 porcus,

76 3231 102 3270 as
113 3210 219 3287 phthir,
231 3229 341 3288 passer,
359 3216 517 3289 pastinaca,
533 3215 706 3293 polyporum
720 3235 839 3292 genera,
856 3218 986 3296 pectines
1000 3249 1037 3259 —
1048 3233 1106 3275 ma·

112 3295 189 3352 numi
206 3303 236 3353 et
251 3297 396 3372 nigerrimi
412 3306 538 3373 aestate,
555 3298 739 3359 laudatissimi
755 3301 915 3376 Mytilenis,
933 3299 1105 3376 Tyndaride,

112 3375 237 3453 Salonis,
255 3378 361 3454 Altini,
382 3381 409 3438 in
428 3379 499 3440 Chia
521 3381 627 3457 insula,
643 3381 837 3444 Alexandriae
855 3387 882 3443 in
898 3385 1037 3462 Aegypto
1053 3417 1104 3458 —,

111 3462 288 3538 pectunculi,
298 3480 453 3543 purpurae,
462 3465 610 3542 pegrldes,
622 3467 696 3543 pina,
710 3468 1011 3544 pinoteres,rhine-
1023 3485 1120 3539 apem
