2400 3840
288 224 370 271 ιιι.
386 224 478 272 msa.
494 225 593 272 xxxa.
622 223 708 276 4-6.
741 211 893 289 (ua—32.)
1030 210 1089 269 271

92 378 157 436 tatis
174 386 370 454 argumentum
386 388 415 438 et
427 379 503 438 aliud
519 388 564 438 est
576 379 651 458 quod
663 379 770 438 nullum
786 378 920 453 halitum,
933 394 990 435 non
1004 377 1090 435 modo

91 460 224 519 nebulam
234 462 350 521 emittit.
389 463 438 541 qui
458 462 558 522 volunt
579 458 733 540 diligentes
758 463 836 521 circa
857 461 916 521 hoc
936 458 1028 519 videri
1051 459 1090 519 di-

94 553 159 602 cunt
178 562 268 623 aquas
282 547 434 621 graviores
451 556 517 624 post
531 546 658 607 brumam
673 547 744 607 lieri.

155 628 182 689 6.
207 627 289 707 (31.)
314 629 449 690 Ceterum
465 649 480 689 a
497 629 578 690 fonte
594 632 658 692 duci
670 629 806 690 fictilibus
818 628 894 688 tubis
909 628 1088 688 utilissimum
1099 635 1132 692 57

63 720 137 771 sest
151 713 341 772 crassitudine
361 712 458 773 binum
479 714 649 790 digitorum,
675 713 860 775 commissuris
883 712 1026 790 pyxidatis
1051 714 1090 771 ita

91 805 122 855 ut
137 798 272 873 superior
288 798 392 874 intret,
418 798 500 858 calce
519 802 583 858 viva
604 817 641 859 ex
665 799 732 858 oleo
754 797 897 874 levigatis.
938 794 1090 855 libramen-

92 887 149 937 tum
181 897 273 957 aquae
305 882 334 939 in
361 891 500 942 centenos
525 882 617 960 pedes
649 882 752 942 sicilici
784 881 936 940 minumum
966 880 1036 954 erit,
1064 881 1089 938 si

91 962 224 1022 cuniculo
240 965 353 1040 veniet,
375 968 404 1026 in
417 966 501 1025 binos
517 975 598 1026 actus
614 965 718 1026 lumina
734 983 802 1025 esse
818 963 974 1024 debebunt.
1007 980 1090 1041 quam

91 1064 215 1122 surgere
229 1049 257 1107 in
274 1048 397 1108 sublime
413 1068 487 1129 opus
506 1049 593 1109 luerit
612 1049 729 1128 plumbo
746 1050 851 1108 veniat.
877 1048 952 1108 subit
967 1047 1090 1106 altitudi-

57 1147 156 1192 nonem
183 1141 301 1191 exortus
322 1134 376 1191 sui.
408 1136 432 1192 si
453 1134 587 1210 longiore
610 1143 702 1193 tractu
723 1134 834 1208 veniet,
861 1131 963 1191 subeat
986 1131 1089 1190 crebro

90 1213 325 1292 descendatque,
340 1234 377 1275 ne
392 1216 562 1276 libramenta
578 1227 708 1295 pereant.
740 1216 849 1275 listulas
865 1216 968 1275 denum
982 1216 1087 1293 pedum
1098 1225 1135 1278 58

90 1297 278 1372 longitudinis
294 1316 361 1358 esse
375 1299 534 1376 legitimum
552 1309 596 1359 est
613 1309 658 1376 et,
676 1302 699 1359 si
717 1300 866 1377 quinariae
884 1308 982 1372 erunt,
1005 1316 1089 1357 sexa·

90 1396 166 1456 gena
191 1381 289 1457 pondo
311 1383 459 1460 pendere,
484 1385 507 1442 si
530 1386 717 1458 octonariae,
740 1392 880 1456 centena,
903 1383 927 1440 si
944 1381 1089 1457 denariae,

90 1468 213 1522 centena
228 1464 348 1542 vicena,
370 1482 405 1525 ac
420 1466 524 1525 deinde
546 1467 581 1526 ud
606 1467 658 1526 has
680 1468 839 1545 portiones.
869 1465 987 1525 denaria
1010 1464 1088 1541 apel·

55 1548 166 1614 15latur
186 1549 266 1606 cuius
287 1548 399 1610 lamnae
422 1549 559 1624 latitudo,
583 1560 735 1629 antequam
757 1558 907 1623 curvetur,
937 1547 1089 1624 digitorum

90 1629 192 1690 decem
208 1639 269 1706 est,
286 1632 460 1711 dimidioque
480 1635 542 1693 eins
559 1636 696 1711 quinaria.
726 1635 754 1692 in
769 1632 898 1692 anfractu
912 1634 987 1691 omni
1004 1630 1089 1692 collis

89 1715 246 1792 quinariam
259 1717 337 1791 lieri,
355 1716 402 1775 ubi
418 1717 548 1777 dometur
560 1719 702 1797 impetus,
725 1718 921 1777 necessarium
937 1724 997 1791 est,
1021 1717 1089 1774 item

90 1797 226 1874 castella,
243 1807 329 1877 prout
338 1819 387 1860 res
404 1803 512 1878 exiget.

152 1879 235 1962 (32.)
257 1883 412 1944 llomerum
425 1885 582 1945 calidorum
594 1885 713 1945 fontium
723 1887 897 1944 mentionem
908 1901 965 1942 non
977 1883 1086 1941 iecisse
1098 1893 1132 1945 59

52 1988 80 2029 ιο
92 1965 232 2042 demiror,
248 1983 312 2026 cum
328 1966 435 2045 alioqui
451 1968 541 2027 lavari
556 1968 649 2027 calida
670 1969 837 2046 frequenter
858 1968 1022 2041 induceret,
1047 1967 1087 2024 vi-

90 2048 196 2108 delicet
213 2051 278 2127 quia
294 2051 436 2111 medicina
451 2061 517 2110 tunc
530 2069 587 2110 non
603 2060 665 2110 erat
682 2051 756 2110 baec
772 2069 845 2129 quae
861 2068 935 2109 nnnc
953 2066 1088 2126 aquarum

89 2132 223 2211 perfugio
240 2135 334 2194 utitur.
368 2144 414 2194 est
429 2144 523 2194 autem
537 2134 613 2194 utilis
634 2135 780 2212 sulpurata
799 2137 913 2210 nervis,
936 2133 1086 2193 aluminata

88 2216 257 2294 paralyticis
279 2228 327 2277 aut
349 2219 433 2278 simili
455 2219 542 2278 modo
565 2218 681 2293 solutis,
711 2218 875 2278 bituminata
897 2226 944 2278 ant
966 2218 1086 2291 nitrosa,

90 2298 181 2377 qualis
200 2297 304 2362 Cutilia
319 2311 380 2379 est,
397 2302 524 2363 bibendo
545 2312 632 2380 atque
647 2302 876 2380 purgationibus.
908 2302 1041 2380 plerique
1056 2302 1084 2360 in
1095 2311 1131 2365 60

52 2402 79 2442 ιι
89 2382 183 2459 gloria
202 2383 307 2445 ducunt
324 2387 463 2463 plurumis
486 2386 567 2446 horis
588 2389 702 2463 perpeti
725 2386 852 2445 calorem
874 2404 988 2458 earum,
1010 2384 1088 2462 quod

89 2475 134 2526 est
150 2469 390 2546 inimicissimum,
414 2488 537 2547 namque
559 2469 644 2548 paulo
667 2469 771 2529 diutius
798 2487 881 2547 quam
902 2468 1024 2527 balineis
1048 2470 1086 2527 uti

89 2559 220 2626 oportet,
238 2568 272 2611 ac
289 2563 392 2630 postea
409 2554 514 2631 frigida
530 2553 689 2628 dulcedine,
706 2571 762 2612 nec
775 2553 839 2611 sine
854 2553 923 2611 oleo
936 2550 1085 2610 disceden-

85 2634 143 2709 tis,
156 2633 234 2710 quod
246 2635 351 2711 volgus
364 2637 485 2696 alienum
501 2635 666 2712 arbitratur,
682 2637 793 2696 idcirco
805 2652 861 2693 non
877 2634 943 2694 alibi
957 2636 1085 2712 corpori-

88 2716 141 2775 bus
157 2717 250 2794 magis
268 2718 418 2795 obnoxiis,
435 2723 543 2800 quippe
555 2729 584 2780 et
597 2721 730 2779 vastitate
745 2720 843 2779 odoris
860 2720 955 2797 capita
970 2718 1084 2795 replen-

51 2820 79 2863 ao
88 2809 134 2860 tur
155 2809 184 2859 et
202 2799 314 2877 frigore
334 2804 505 2864 infestantur
526 2805 670 2879 sudantia,
692 2803 803 2882 reliqua
828 2819 983 2880 corporum
1004 2811 1086 2878 parte
1176 2818 1177 2822 ’

87 2902 193 2945 mersa.
222 2884 322 2944 similis
334 2904 432 2962 error,
446 2906 529 2966 quam
542 2887 673 2967 plurumo
690 2896 758 2967 potu
770 2886 940 2964 gloriantur.
968 2885 1085 2963 vidique

87 2970 142 3027 iam
162 2969 293 3045 turgidos
315 2969 440 3032 bibendo
461 2974 489 3030 in
510 2980 616 3031 tantum
637 2981 667 3030 ut
690 2972 767 3031 anuli
786 2973 985 3047 integerentur
1007 2979 1084 3043 cute,

89 3069 153 3111 cnm
166 3051 249 3112 reddi
267 3070 325 3112 non
339 3064 441 3131 posset
455 3055 556 3114 hausta
571 3055 719 3115 multitudo
735 3074 837 3135 aquae.
866 3073 922 3114 nec
937 3054 994 3113 boc
1012 3069 1083 3130 ergo

86 3135 151 3195 fieri
167 3137 302 3194 convenit
319 3139 381 3195 sine
395 3137 499 3197 crebro
515 3138 586 3198 salis
600 3149 695 3215 gustu.
723 3140 845 3200 Utuntur
862 3148 891 3198 et
909 3154 1001 3196 caeno
1017 3136 1079 3195 lon·
1091 3147 1123 3200 61

49 3219 156 3279 aetium
173 3219 301 3296 ipsorum
316 3219 439 3295 utiliter,
460 3220 512 3279 sed
534 3223 571 3280 ita
586 3223 610 3280 si
630 3223 738 3283 inlitum
760 3223 824 3283 sole
844 3224 998 3281 inarescat.
1029 3238 1084 3279 nec

85 3320 158 3361 vero
184 3303 276 3361 omnis
299 3319 373 3380 quae
398 3304 454 3362 sint
481 3304 593 3364 calidae
617 3306 774 3366 medicatas
803 3324 870 3365 esse
898 3303 1081 3380 credendum,

87 3388 162 3444 sicut
179 3387 208 3444 in
223 3386 348 3462 Segesta
368 3387 502 3463 Siciliae,
526 3386 641 3464 Larisa,
655 3388 786 3465 Troade,
807 3389 973 3465 Magnesia,
994 3386 1082 3464 lllelo,

84 3469 199 3548 Lipara.
218 3487 284 3530 nec
300 3470 423 3531 decolor
437 3471 553 3551 species
570 3473 646 3531 aeris
663 3473 835 3548 argentive,
847 3481 882 3530 m
892 3471 1099 3526 multamu-
