2400 3840
151 177 211 240 182
464 187 493 235 c.
514 187 611 233 runnu
632 184 781 234 sucuunr

148 360 211 403 mae
226 351 382 418 argenteae
396 343 507 417 mixtis,
529 340 705 400 utilissimum
721 349 822 401 contra
843 339 970 400 ulcerum
985 339 1138 399 inflamma·

147 428 251 486 tiones.
281 426 365 503 adipe
379 427 495 484 verrino
512 433 541 484 et
560 424 677 499 iuuugni
693 432 792 502 putant
811 424 899 500 utile,
925 440 1056 501 quaeque
1078 441 1139 482 ser·

106 519 235 588 14111111
246 508 366 568 inlinere
379 526 442 568 cum
454 510 558 568 resina.
579 505 697 583 Antiqui
710 506 811 566 axibus
824 507 1021 566 vehiculorum
1036 523 1139 584 perun·

147 591 268 670 guendis
283 609 414 652 maxume
430 593 466 652 ad
485 590 646 650 faciliorem
664 591 865 650 circumactum
880 599 1005 650 rotarum
1022 589 1140 649 uteban-

147 684 202 750 tur,
223 675 298 735 unde
316 692 434 750 nomen,
455 677 497 733 sic
514 690 630 751 quoque
645 673 706 732 utili
723 674 864 734 medicina
887 691 951 734 cum
970 673 1021 733 illa
1045 673 1167 731 ferrus

106 768 156 823 142
168 760 236 835 gine
249 768 373 818 rotarum
387 758 422 818 ad
436 758 514 816 sedis
529 758 596 816 vitia
609 756 818 835 virilitatisque.
836 767 865 816 et
876 776 930 835 per
943 775 976 816 se
989 757 1141 833 axungiam

147 843 252 902 medici
270 842 375 919 antiqui
393 859 523 900 maxume
540 838 717 917 probabant,
734 840 850 899 renibus
869 841 1027 900 detractam
1042 857 1140 898 exem·

147 927 263 1002 piisque
278 925 359 983 venis
375 942 448 1002 aqua
463 924 582 984 caelesti
600 923 743 984 fricabant
755 923 859 983 crebro
877 923 1140 1002 decoquebantque

147 1007 229 1067 fictili
243 1024 319 1067 novo
335 1008 460 1085 saepius,
476 1017 534 1069 turn
550 1005 661 1066 demum
673 1007 870 1067 adservantes.
887 1009 1022 1066 convenit
1034 1006 1140 1067 salsam

147 1091 239 1166 magis
251 1088 375 1167 mollire,
391 1091 586 1167 excalfacere,
602 1090 756 1167 discutere,
775 1091 974 1168 utilioremque
987 1108 1055 1149 esse
1073 1092 1140 1148 rino
1150 1104 1173 1145 11

147 1173 245 1233 lotam.
275 1173 415 1234 Masurius
435 1176 556 1253 palmam
577 1173 674 1252 lupiuc
695 1174 772 1252 adipi
791 1172 906 1234 dedisse
927 1175 1060 1251 antiquos
1084 1182 1139 1233 tra·

148 1256 227 1316 didit.
259 1257 327 1318 ideo
348 1275 439 1318 novas
465 1268 568 1337 nuptas
587 1257 638 1317 illo
663 1274 846 1335 perunguere
864 1262 959 1336 postis
980 1257 1081 1317 solitas
1104 1274 1140 1315 ne

148 1340 297 1419 quidnali
311 1342 509 1402 medicamenti
525 1342 689 1401 inferretur.
828 1391 830 1395 ,

106 1434 158 1489 143
221 1424 305 1504 (38.)
330 1424 411 1497 Quae
426 1427 497 1486 ratic
513 1425 605 1504 adipis
622 1423 723 1483 eadem
738 1424 822 1483 iubis
837 1443 910 1502 qnae
925 1424 1064 1482 ruminant
1077 1422 1140 1483 sebi

149 1516 208 1584 est,
237 1509 301 1568 aliis
323 1509 431 1584 modis,
464 1527 520 1568 non
544 1509 662 1567 minoris
676 1509 845 1588 potentiae.
883 1507 1031 1585 perficitur
1053 1507 1173 1566 omnem

149 1593 290 1668 exemptis
306 1593 388 1650 venis
404 1608 477 1668 aqna
490 1594 598 1651 marina
610 1590 658 1649 vel
673 1591 749 1672 salsa
766 1591 865 1667 lotum,
882 1609 949 1650 mox
964 1592 992 1648 iu
1005 1591 1062 1670 pila
1078 1599 1140 1650 tun·

148 1691 210 1732 sum
231 1673 370 1750 adspersa
390 1675 505 1734 marina.
545 1673 649 1733 crebro
672 1683 775 1751 postea
800 1675 931 1752 coquitur
951 1674 1046 1734 donec
1067 1674 1141 1733 odor

148 1757 240 1815 omnis
258 1754 424 1832 aboleatur,
441 1773 509 1815 mox
527 1756 646 1816 adsiduo
664 1757 727 1815 sole
752 1757 787 1817 ad
807 1758 961 1817 candorem
982 1757 1139 1831 reducitur,

107 1849 183 1902 1441
201 1840 318 1899 renibus
332 1847 426 1898 autem
440 1857 524 1900 omne
539 1839 762 1899 laudatissimum
778 1849 832 1900 est.
866 1843 890 1900 si
906 1858 977 1900 vero
996 1847 1081 1899 vetus
1095 1859 1139 1900 re·

149 1931 270 1982 vocetur
281 1922 317 1982 ad
329 1942 434 2000 curam,
447 1924 589 2002 liquefieri
599 1923 679 2001 prius
693 1922 800 2000 iubent,
814 1942 881 1984 mox
895 1924 999 2002 frigida
1013 1941 1087 2001 aqua
1100 1925 1139 1984 la·
1149 1933 1174 1974 ²⁰

148 2009 209 2066 vari
223 2008 348 2085 saepius,
363 2006 427 2067 dein
441 2008 619 2086 liquefacere
633 2007 734 2066 adfuso
746 2009 813 2067 vinc
826 2026 908 2085 quam
927 2009 1139 2068 odoratissimo.

150 2090 313 2168 eodemque
327 2091 412 2150 modo
428 2093 529 2150 iterum
544 2110 579 2150 11
601 2092 717 2168 saepius
740 2100 843 2151 cocunt
860 2090 954 2151 donec
972 2091 1050 2149 virus
1073 2109 1139 2151 eva·

149 2183 259 2232 1111111.
292 2174 370 2232 multi
391 2176 522 2251 privatim
545 2176 587 2233 sic
606 2183 751 2233 taurorum
773 2175 946 2252 leonumque
966 2192 1001 2234 ac
1020 2173 1139 2251 panthe-

149 2273 243 2316 rarum
273 2266 301 2315 et
329 2257 503 2316 camelorum
529 2258 645 2334 pinguia
669 2259 762 2316 curari
784 2258 890 2317 iubent.
932 2275 1000 2317 usus
1027 2257 1141 2317 dicetur

148 2341 209 2397 suis
222 2338 307 2397 locis.
1149 2355 1174 2395 11

107 2431 157 2484 145
222 2422 306 2501 (39.)
332 2422 493 2483 communis
515 2434 544 2483 et
563 2424 750 2485 medullarum
779 2434 833 2482 est.
872 2442 971 2483 omnes
997 2423 1139 2500 molliunt,

104 2582 106 2587 Ι
149 2505 279 2583 explent,
296 2510 414 2583 siccant,
430 2508 631 2568 excalfaciunt.
656 2508 850 2568 laudatissima
864 2526 880 2566 e
893 2507 998 2584 cervis,
1014 2524 1083 2566 mox
1098 2501 1139 2565 11·

148 2590 248 2665 tnlina,
266 2590 331 2650 dein
346 2592 455 2652 hircina
471 2601 501 2651 et
518 2593 645 2670 caprina.
682 2600 814 2651 curantur
829 2601 895 2651 ante
912 2600 1073 2649 autumnum
1094 2608 1139 2649 re-

150 2683 251 2733 centes
268 2674 347 2734 lotae
364 2677 549 2752 siccataeque
564 2674 719 2750 inumbra,
741 2692 794 2752 per
816 2674 939 2733 cribrum
961 2673 1026 2734 dein
1049 2673 1139 2751 liqua-

148 2765 196 2814 tae
214 2775 268 2833 per
280 2757 368 2817 lintea
385 2760 579 2835 exprimuntur
602 2776 638 2817 ac
660 2767 838 2835 reponuntur
859 2758 887 2815 111
903 2756 982 2817 111111
999 2757 1073 2816 11111
1089 2754 1138 2816 111·
1148 2777 1174 2818 11

181 2838 234 2896 dis.

24 2987 29 2996 ,
107 2857 177 2988 11681
224 2921 307 3000 (40.)
330 2922 408 2981 luter
423 2925 516 2982 omnia
531 2932 624 2982 autern
641 2925 798 2982 communia
816 2924 976 2984 animalium
990 2923 1139 3002 1111111-

151 3005 353 3064 stantissimum
367 3005 395 3063 in
419 3006 525 3065 ellectu
544 3005 586 3064 fel
610 3015 663 3064 est.
695 3007 737 3065 vis
760 3009 822 3066 eins
843 3007 1042 3082 excalfacere,
1065 3023 1139 3066 mor·

148 3089 228 3164 dere,
243 3088 385 3163 scindere,
402 3089 566 3164 extrahere,
580 3089 731 3149 discutere.
752 3093 891 3150 minorum
903 3090 1062 3150 animalium
1074 3088 1139 3149 sub·

148 3172 225 3234 tilius
239 3173 416 3249 intellegitur
426 3182 456 3232 et
466 3173 533 3232 ideo
546 3173 582 3233 ad
594 3173 741 3232 oculorum
753 3175 957 3233 medicamenta
971 3174 1066 3233 utilius
1080 3172 1140 3231 cxi·
1150 3192 1175 3233 11

149 3258 287 3317 stimatur.
314 3258 425 3316 taurino
442 3257 600 3334 praecipua
617 3260 745 3334 potentia
764 3260 847 3317 etiam
863 3259 893 3316 in
908 3275 975 3317 1111
992 3255 1140 3334 pelvibus·

150 3358 205 3417 que
221 3357 308 3400 aureo
333 3339 435 3400 colore
464 3339 650 3400 abducendis.
682 3359 764 3401 omne
787 3350 880 3400 autern
901 3349 1015 3400 curatur
1034 3357 1140 3399 recens

145 3424 311 3500 praeligato
332 3441 385 3484 cre
407 3423 466 3483 linc
489 3441 605 3502 crasso,
630 3425 783 3485 demissum
803 3425 831 3482 iu
853 3425 1013 3484 ferventem
1038 3439 1140 3501 aquam
