2400 3840
146 180 210 241 272
500 190 530 238 c.
546 191 807 240 rmunsncuum

148 364 283 423 masere,
306 345 522 407 medicaminum
537 355 734 424 argumentum
750 353 810 421 est,
832 345 945 423 quaudo
961 345 1030 406 nihil
1046 363 1148 407 eorum

147 435 176 492 iu
186 431 332 492 'Patavinis
350 430 494 508 lontibus,
509 449 546 491 ne
562 431 660 491 odoris
679 429 792 510 quidem
808 429 968 490 dilierentia
984 430 1081 508 aliqua
1097 430 1147 491 de·

147 514 342 596 prehenditur.

104 611 140 666 62
215 600 298 677 (33.)
321 597 454 658 Medendi
470 599 571 658 modus
588 597 664 658 idem
682 600 752 657 etin
772 598 886 658 marinis
903 600 957 657 erit
972 616 1046 676 quae
1069 597 1146 658 cale·

148 685 217 743 liunt
230 681 266 742 ad
276 699 430 742 nervorum
445 682 575 756 dolores,
590 681 786 741 feruminanda
801 682 962 742 airacturis
979 699 1058 759 ossa,
1076 698 1170 744 con-c

147 777 245 842 tunsa,
261 769 329 825 item
346 783 470 845 corpora
485 766 520 825 ad
535 766 684 842 siccanda,
698 783 753 844 qua
768 765 805 825 dc
817 784 903 826 causa
918 775 947 825 et
958 765 1063 842 frigido
1076 766 1148 825 mari

148 858 271 911 utuntur.
304 858 457 927 praeterea
473 858 518 910 est
534 849 607 909 alius
624 867 692 909 usus
707 849 873 929 multiplex,
892 850 1059 928 principalis
1074 866 1148 908 vero

109 933 139 1018 is',
154 931 343 1008 {instigandi
361 932 464 1011 phthisi
479 933 610 1008 adiectis,
626 942 656 993 ut
670 933 799 1010 diximus,
817 942 864 993 aut
878 935 1018 1009 sanguine
1031 942 1147 1009 egesto,

152 1020 233 1078 sicut.
250 1033 391 1094 proxume
413 1017 563 1077 Annaeum
581 1017 741 1078 Gallionem
756 1017 864 1077 iecisse
882 1027 949 1096 post
967 1017 1147 1077 consulatum

107 1112 142 1166 63
152 1101 338 1160 meminimus.
365 1118 459 1180 neque
484 1104 558 1161 enim
581 1100 737 1180 Aegyptus
752 1109 874 1180 propter
895 1120 927 1160 se
949 1103 1070 1179 petitur,
1094 1099 1181 1162 seduc

150 1192 271 1264 propter
286 1183 523 1263 longinquitatem
544 1185 707 1261 navigandi.
737 1185 804 1264 quin
821 1192 851 1243 et
865 1186 1038 1244 vomitiones
1062 1185 1147 1263 ipsae

149 1267 274 1328 instabili
296 1269 474 1330 volutatione
487 1277 640 1329 commotae
662 1270 801 1347 plurumis
816 1267 925 1328 morbis
941 1268 1062 1347 capitis,
1079 1284 1147 1328 ocu·

149 1354 258 1426 lorum,
274 1355 404 1429 pectoris
418 1352 568 1413 medentur
584 1353 773 1432 omnibusque
788 1361 909 1432 propter
926 1370 1000 1430 quae
1014 1349 1147 1410 hellebo-

149 1455 210 1497 rum
225 1435 340 1495 bibitur.
356 1454 458 1516 aquam
474 1455 544 1497 vero
567 1439 654 1497 maris
671 1455 724 1516 per
748 1455 815 1496 sesa
835 1436 1032 1495 efficaciorem
1054 1435 1147 1494 discu-

149 1521 254 1581 tiendis
269 1520 426 1580 tumoribus
441 1530 540 1600 putant
556 1521 677 1597 medici,
701 1523 724 1580 si
747 1521 796 1580 illa
821 1520 999 1598 decoquatur
1024 1518 1180 1582 hordea-u

151 1623 203 1665 cea
221 1605 329 1681 latina,
345 1602 381 1664 ad
397 1605 555 1682 parotidas.
587 1605 750 1683 emplastris
767 1606 861 1682 ctiam,
881 1621 1013 1664 maxume
1027 1603 1104 1662 albis
1121 1609 1149 1661 et

107 1698 143 1753 64
152 1687 329 1762 malagmatis
343 1689 480 1763 miscent,
501 1688 622 1766 prodest
645 1698 673 1749 et
696 1689 789 1748 inlusa
812 1687 918 1748 crebro
938 1689 1006 1746 ictu.
1041 1686 1149 1746 bibitur

151 1787 284 1849 quoque,
297 1772 425 1847 quamvis
439 1789 496 1830 uou
508 1774 570 1831 sine
585 1773 686 1832 iniuria
702 1772 859 1849 stomachi,
875 1770 910 1832 ad
922 1768 1073 1849 purganda
1085 1787 1148 1830 cor·

150 1871 223 1934 pora
246 1852 391 1932 bilemque
412 1863 501 1915 atram
523 1864 571 1916 aut
592 1856 759 1933 sanguinem
782 1864 949 1916 concretum
972 1852 1150 1914 reddendum

149 1939 287 1999 alterutra
306 1950 398 2015 parte.
428 1940 540 2017 quidam
564 1941 641 1999 etin
664 1941 810 2018 quartanis
831 1939 939 2000 dedere
965 1956 1029 1998 eam
1050 1937 1182 2002 bibemus

151 2023 215 2082 dam
230 2031 259 2082 et
273 2023 302 2081 in
313 2023 449 2085 tenesmis
464 2023 695 2103 articulariisque
711 2023 819 2084 morbis
836 2023 1033 2099 adservatam,
1049 2023 1078 2080 iu
1094 2022 1151 2080 hoc

151 2115 295 2166 vetustate
310 2107 389 2166 virus
405 2107 609 2185 deponentem.
634 2107 722 2185 aliqui
739 2107 906 2183 decoctam,
922 2124 1022 2166 omues
1038 2123 1077 2164 ex
1092 2103 1150 2164 alto

151 2190 279 2250 haustam
292 2190 427 2269 nullaque
439 2191 562 2250 dulcium
573 2191 695 2250 mixtura
707 2199 880 2268 corruptam,
895 2191 923 2248 in
936 2207 992 2268 quo
1003 2207 1056 2248 usu
1067 2205 1150 2266 prae·

153 2273 259 2333 cedere
276 2275 412 2332 vomitum
429 2274 545 2350 volunt,
568 2282 634 2334 tuuc
652 2292 767 2354 quoquc
788 2283 899 2334 acetum
919 2282 967 2334 aut
988 2274 1085 2332 vinum
1116 2287 1152 2330 ea

108 2367 143 2421 65
156 2374 229 2434 aqua
249 2357 380 2417 miscent.
421 2357 468 2435 qui
489 2375 589 2436 puram
611 2357 719 2418 dedere
740 2357 885 2436 raphanos
910 2354 1094 2436 supermandi
1114 2373 1181 2415 exat

153 2441 244 2500 mulso
262 2450 345 2501 aceto
361 2441 476 2518 iubent,
495 2450 525 2501 nt
538 2440 574 2502 ad
599 2443 774 2502 vomitiones
787 2450 937 2502 revocent.
976 2438 1151 2514 clysteribus

154 2543 270 2605 quoque
288 2528 424 2586 marinam
448 2526 596 2586 infundunt
615 2526 800 2605 tepefactam.
837 2527 952 2585 testium
974 2524 1090 2602 quidem
1110 2531 1150 2581 tu·

152 2610 225 2668 mori
250 2608 377 2669 fovendo
404 2627 461 2669 non
483 2610 560 2671 aliud
581 2609 766 2688 praeierunt,
795 2611 862 2670 item
885 2610 1053 2687 pernionum
1082 2607 1151 2666 vitio

152 2701 218 2752 aute
230 2693 344 2770 ulcera,
359 2694 442 2753 simili
457 2694 543 2754 modo
559 2693 730 2772 pruritibus,
750 2694 847 2773 psoris
864 2702 893 2752 ct
908 2691 1054 2752 lichenum
1071 2706 1152 2750 cura⁴

152 2777 231 2836 tioni.
259 2777 361 2837 leudes
380 2794 495 2857 quoque
513 2787 542 2837 et
554 2785 645 2839 taetra
660 2779 763 2856 capitis
782 2776 912 2837 animalia
932 2775 986 2836 hac
1007 2779 1181 2849 curantur,at

152 2869 182 2919 ut
197 2860 314 2920 liventia
329 2860 442 2920 reducit
458 2863 559 2922 eedem
575 2861 610 2921 ad
625 2862 763 2921 colorem.
795 2859 941 2938 inquibus
957 2856 1153 2919 curationibus

152 2952 220 3022 post
230 2945 366 3004 marinam
380 2954 465 3005 aceto
480 2946 576 3006 calido
593 2945 697 3004 lovere
710 2945 870 3022 plurumum
883 2943 1014 3022 prodest.
1047 2942 1115 3020 quin
1126 2948 1155 3000 et

153 3027 189 3088 ad
202 3029 277 3087 ictus
292 3038 454 3089 venenatos
468 3029 604 3106 ,salutaris
624 3028 818 3106 intellegitur,
835 3038 864 3087 ut
886 3026 1108 3105 phalangiorum
1126 3032 1155 3084 et

152 3113 347 3191 scorpionum,
361 3121 390 3172 et
401 3112 507 3190 ptyade
517 3111 553 3173 ab
568 3111 669 3190 aspide
680 3112 837 3190 respersis,
854 3110 946 3171 calida
959 3117 1055 3169 antem
1070 3111 1099 3169 iu
1110 3107 1154 3168 his

109 3205 145 3260 66
156 3197 322 3256 adsumitur.
355 3197 467 3256 suilitur
483 3196 585 3255 eadem
601 3213 664 3254 cum
687 3205 772 3256 aceto
789 3197 892 3275 capitis
906 3192 1066 3254 doloribus.
1095 3192 1185 3256 tor-tt

153 3281 226 3339 mina
251 3298 366 3358 quoque
395 3289 424 3339 et
452 3279 599 3339 choleram
626 3280 718 3340 calida
746 3279 839 3339 inlusa
862 3276 1038 3353 clysteribus
1061 3276 1154 3336 sedat.

153 3362 297 3422 difficilius
315 3364 531 3443 perfrigescunt
549 3364 657 3423 marina
673 3364 824 3424 calefacta.
850 3378 985 3422 mammas
1009 3363 1156 3422 sororicu-

148 3445 199 3523 tis,
213 3447 392 3524 praecordia
407 3450 585 3529 maciemque
603 3449 736 3528 corporis
751 3447 977 3526 piscinae'meris
993 3445 1155 3524 corrigunt,
