2400 3840
277 181 357 229 unr.
373 179 464 229 cusu.
481 180 582 228 xxrn.
599 178 623 232 o.
640 177 665 232 7.
684 167 837 244 ico-nu.)
1018 167 1058 226 23

56 338 195 402 calciatus
213 344 298 413 atque
314 335 401 394 etiam
418 332 493 392 anuli
505 332 688 412 decerpserit
697 331 809 393 duobus
824 332 933 409 digitis,
950 333 1057 412 pollice

13 444 17 453 ·
57 433 87 485 et
102 428 207 500 quarto
226 420 361 479 sinistrae
378 434 488 492 manus,
505 425 590 494 atque
608 419 648 475 ita
666 416 795 476 lustratis
807 415 864 477 levi
877 424 954 476 tactu
966 416 1057 477 oculis

10 542 12 549 ·
58 509 86 568 in
109 523 144 566 os
166 502 291 563 additum
312 500 514 576 devoraverit,
542 519 579 559 ne
602 499 689 560 dente
705 501 869 576 contingat,
897 499 1060 561 adfirmatur

58 589 164 649 nullam
177 586 325 646 oculorum
336 582 562 643 imbecillitatem
575 598 711 663 passurus
723 582 827 643 eodem
839 601 920 643 auno.
950 583 1036 644 iidem
1050 595 1099 650 lli

40 673 148 751 captiui
168 670 268 731 siccati
289 669 408 745 tritique
427 669 521 727 carnis
540 667 740 727 excrescentis
757 666 912 742 cohibent,
932 668 1058 744 gingivis

59 766 89 817 et
113 754 250 815 dentibus
271 752 439 826 medentur,
466 750 514 810 vel
532 748 703 809 simobiles
725 752 801 825 sint,
831 750 954 810 decocto
977 770 1057 811 suco.

58 843 122 919 ipsa
137 835 310 915 corpuscula
326 836 392 893 trita
407 833 553 895 ulceribus
570 851 642 910 quae
661 842 782 910 serpunt
795 842 1003 913 putrescuutve
1019 837 1060 895 in·

59 924 205 998 linuntur,
232 921 302 979 item
328 917 477 978 oculorum
505 916 718 976 inflammationi
745 918 1005 995 intestinorumque
1031 927 1061 978 et

59 1008 124 1073 iere
145 1002 181 1063 ad
203 1003 297 1063 omnia
313 1018 386 1078 quae
405 1002 531 1060 cortices
547 999 693 1059 malorum.
725 1000 915 1061 adversantur
931 1004 1061 1081 scorpio·
1103 1055 1107 1067 r

31 1090 154 1151 onibus.

125 1172 205 1248 (60.)
235 1168 302 1229 Non
316 1177 362 1229 est
379 1169 449 1228 satis
463 1169 559 1228 mirari
576 1185 672 1227 curam
684 1167 919 1247 diligentiamque
931 1171 1042 1247 prisco·
1054 1179 1108 1234 112

58 1275 121 1317 rum
139 1255 188 1333 qui
205 1254 298 1314 omnia
314 1253 433 1312 scrutati
449 1251 519 1311 nihil
530 1253 728 1329 intemptatum
742 1251 930 1329 reliquerunt.
964 1256 993 1313 in
1007 1254 1064 1314 hoc

59 1342 126 1420 ipso
151 1338 250 1414 cytino
275 1335 389 1396 dosculi
417 1344 500 1411 sunt,
530 1343 681 1411 antequam
707 1334 821 1395 scilicet
846 1335 948 1394 malum
968 1339 1063 1416 ipsum

60 1422 184 1503 prodeat
203 1427 399 1498 erumpentes,
415 1436 488 1496 quos
503 1416 674 1477 balaustium
691 1419 789 1476 vocari
803 1417 934 1477 diximus.
965 1420 1105 1479 hossana

30 1522 178 1586 equoque
195 1521 267 1580 ergo
280 1505 395 1580 experti
407 1505 548 1562 invenere
560 1501 763 1578 scorpionibus
778 1501 934 1561 adversari.
958 1505 1063 1562 sistunt
1110 1495 1111 1499 ’

61 1598 132 1670 potu
150 1605 266 1648 meuses
281 1587 466 1662 feminarum,
482 1593 582 1645 sanant
596 1583 694 1643 ulcera
710 1586 788 1661 oris,
804 1583 954 1663 tonsillas,
971 1604 1063 1664 uvam,

61 1673 211 1749 sanguinis
228 1671 466 1745 exscreationes,
483 1670 594 1730 ventris
611 1676 640 1727 et
656 1668 795 1729 stomachi
811 1668 993 1747 solutiones,
1013 1689 1064 1747 ge·

61 1756 178 1831 uitalia,
212 1755 310 1815 ulcera
334 1770 510 1831 quacumque
533 1754 562 1811 iu
584 1761 668 1831 parte
692 1754 841 1811 manantia.
893 1754 1042 1814 siccavere
1056 1766 1107 1819 113

63 1842 166 1916 etiam,
188 1846 219 1899 ut
235 1840 278 1897 sic
292 1854 409 1915 quoque
424 1838 648 1914 experirentur,
667 1838 898 1913 inveneruntque
916 1845 1064 1896 tunsorum

29 1924 155 1984 ararim
177 1921 372 1996 dysintericos
393 1937 410 1980 a
432 1928 525 1980 morte
546 1921 697 1994 revocari,
722 1919 817 1978 alvom
836 1921 909 1978 sisti.
943 1922 1011 1997 quin
1035 1929 1065 1980 et

63 2005 186 2067 nucleos
207 2006 290 2083 ipsos
312 2004 458 2063 acinorum
481 2002 611 2081 experiri
628 2020 686 2062 non
707 2003 808 2079 piguit,
840 2005 910 2062 tosti
929 2005 1064 2080 tunsique

63 2087 241 2150 stomachum
260 2089 360 2146 iuvant
377 2086 444 2146 cibo
460 2095 508 2146 aut
523 2085 692 2164 potionibus
708 2088 843 2163 inspersi.
874 2085 1011 2146 bibuntur
1027 2102 1065 2146 ex

63 2190 137 2251 aqua
154 2171 283 2231 caelesti¹
293 2170 328 2229 ad
343 2169 500 2229 sistendum
515 2170 617 2230 alvom.
642 2168 724 2229 radix
735 2169 856 2229 decocta
872 2186 970 2230 sucum
986 2172 1066 2230 emit·
1150 2168 1152 2172 ’

64 2258 99 2316 tit
122 2255 170 2333 qui
194 2255 303 2315 taenias
328 2259 412 2313 necat
432 2255 577 2313 victoriati
595 2253 734 2332 pondere.
769 2253 869 2314 eadem
889 2252 1018 2314 discocta
1037 2255 1065 2313 in

30 2359 55 2411 rs
65 2357 138 2417 aqua
152 2354 223 2415 quas
239 2337 344 2413 lycium
358 2345 489 2415 praestat
504 2337 652 2397 utilitates.

128 2422 218 2501 (61.)
234 2419 288 2480 Est
303 2428 333 2480 et
343 2420 480 2480 silvestre
492 2423 624 2500 punicum
637 2438 652 2479 a
664 2420 850 2480 similitudine
859 2421 1043 2499 appellatum.
1058 2431 1109 2485 114

65 2508 130 2570 eius
146 2504 259 2565 radices
277 2504 366 2563 rubro
381 2505 493 2564 cortice
505 2504 604 2563 denari
617 2503 749 2582 pondere
761 2506 875 2563 euvino
888 2513 976 2581 potae
992 2521 1066 2562 som·

65 2607 120 2651 nos
132 2589 248 2648 iaciunt.
282 2589 393 2647 semiue
413 2594 484 2665 poto
502 2605 575 2664 aqua
591 2604 663 2663 quae
684 2586 806 2645 subierit
822 2595 917 2646 cutem
932 2589 1063 2646 siccatur.

65 2672 132 2732 mali
147 2670 243 2750 punici
259 2672 376 2730 corticis
396 2671 473 2730 sumo
489 2670 598 2730 culices
613 2670 754 2746 fugantur.

31 2785 57 2826 20
129 2757 158 2814 7.
198 2753 280 2833 (62.)
306 2752 438 2813 Pirorum
460 2757 583 2814 omnium
596 2753 678 2815 cibus
695 2752 782 2813 etiam
794 2752 959 2812 valentibus
976 2764 1108 2817 one-115

67 2858 165 2916 rosus,
183 2839 282 2916 aegris
297 2838 356 2897 vini
368 2855 485 2916 quoque
499 2839 585 2897 modo
598 2846 728 2915 negatur.
752 2835 873 2898 decocta
885 2838 985 2897 eadem
994 2837 1066 2896 mire

67 2922 200 2984 salubria
214 2930 245 2981 et
262 2929 362 2998 grata,
379 2923 536 3000 praecipue
554 2919 742 2981 Crustumina.
776 2938 973 3000 quaecumque
993 2938 1065 2980 vero

67 3024 131 3069 cnm
152 3005 241 3065 melle
263 3006 385 3065 decocta
407 3004 583 3064 stomachum
604 3003 744 3065 adiuvant.
778 3005 848 3065 liunt
864 3004 1067 3084 cataplasmata

68 3109 86 3152 e
105 3090 178 3169 piris
196 3088 236 3170 ad
248 3087 426 3148 discutienda
441 3105 595 3166 corporum
610 3089 696 3163 vitia,
721 3097 751 3148 et
770 3087 893 3148 decocto
913 3107 1013 3149 eornm
1032 3087 1068 3147 ad

30 3189 57 3230 sc
68 3173 189 3234 duritias
214 3179 338 3232 utuntur.
371 3173 434 3250 ipsa
449 3172 637 3233 adversantur
653 3171 761 3231 boletis
776 3180 863 3249 atque
881 3173 988 3249 iungis,
1006 3171 1067 3250 pel-

67 3256 188 3336 luntque
198 3256 330 3335 pondere
342 3253 377 3290 *³*
388 3263 568 3333 repugnante
582 3272 660 3315 suco.
684 3253 780 3315 Pirum
790 3255 927 3315 silvestre
943 3254 1044 3314 tardis·
1059 3261 1110 3318 llo

68 3341 140 3402 sime
155 3341 332 3400 maturescit.
361 3337 521 3399 conciditur
535 3356 761 3416 suspensumque
778 3341 903 3398 siccatur
918 3337 952 3397 ad
964 3339 1068 3397 sisten-

68 3423 132 3487 dam
152 3422 248 3482 alvom
256 3464 266 3499 ,
289 3421 366 3500 quod
381 3430 411 3482 et
426 3420 575 3481 decoctum
591 3423 652 3481 eius
668 3430 739 3500 potu
756 3429 895 3501 praestat.
926 3421 1074 3480 decoema-
