2400 3840
154 174 216 235 224
508 185 539 233 c.
554 186 649 234 numu
666 185 815 234 sncuunr

154 356 271 420 corpus,
290 346 399 398 crustas
420 337 576 398 obducere.
613 338 714 399 eadem
728 339 918 418 pityocampis
938 337 967 398 ln
986 341 1076 419 picea
1097 358 1145 403 na·

155 422 312 498 scentibus,
329 421 429 481 eadem
443 421 588 500 bupresti,
604 421 790 500 similiterque
805 429 1022 500 praeparantur.
1046 423 1146 487 cilica-

155 507 287 566 cissimae
302 522 401 565 omues
421 505 457 564 ad
475 505 552 564 ieras
568 504 713 581 lichenas,
734 505 864 564 dicuntur
886 514 916 564 et
930 522 1048 567 menses
1062 509 1145 568 ciere

111 601 146 657 96
157 600 185 650 et
200 589 317 665 urinam,
332 588 397 648 ideo
408 587 602 667 Hippocrates
617 597 645 647 et
655 588 823 667 hydropicis
836 587 931 648 dabat.
952 585 1146 651 cantharides

155 673 287 733 obiectae
310 680 374 731 suut
394 670 496 730 Catoni
516 670 661 747 Uticensi,
682 688 736 730 ceu
757 688 897 730 venenum
915 671 1097 734 vendidisset
1118 674 1167 740 inu

153 757 287 816 auctione
302 756 399 831 regia,
424 754 556 832 quoniam
577 771 627 813 eas
647 755 788 813 sestertiis
801 753 852 813 tx
866 752 1025 815 addixerat.
1059 757 1091 817 5.
1107 758 1146 818 Et

154 839 254 898 sebum
272 845 366 896 autem
383 835 666 896 struthocamelinum
682 844 750 896 tunc
770 837 884 896 venisse
902 840 1046 899 sestertiis
1059 838 1146 902 XXX

153 922 247 982 obiter
263 919 368 979 dictum
383 919 427 996 sit,
444 919 618 979 efficacioris
631 919 668 979 ad
685 922 779 980 omnia
793 937 861 980 usus
876 937 960 998 quam
974 930 1021 981 est
1034 925 1144 985 anseri·

153 1022 206 1063 nus
221 1001 312 1078 adips.

111 1098 145 1155 ov
209 1085 291 1162 (31.)
314 1083 444 1143 Diximus
463 1093 492 1144 et
513 1085 607 1146 mellis
629 1087 760 1144 venenati
786 1102 910 1161 genera,
936 1097 1038 1150 contra
1065 1090 1172 1169 quodll

118 1169 150 1211 ²¹»
162 1167 186 1204 ⁷⁴
209 1176 323 1227 utuntur
341 1167 428 1228 melle
449 1169 477 1226 io
492 1186 548 1247 quo
571 1186 643 1248 apes
662 1169 719 1228 siut
732 1177 870 1227 mortuae.
901 1168 977 1228 idem
995 1181 1096 1250 potum
1115 1175 1144 1235 in

153 1254 220 1313 vino
238 1250 393 1310 remedium
410 1260 454 1311 est
469 1253 601 1311 vitiorum
617 1268 692 1330 quae
708 1268 725 1310 e
741 1250 806 1310 cibo
821 1252 942 1330 piscium
955 1255 1122 1332 gignamus.

112 1346 147 1402 98
210 1333 292 1415 (32.)
310 1334 342 1395 lo
359 1336 437 1395 canis
451 1334 559 1394 rabiosi
579 1352 677 1394 morsu
696 1343 791 1394 tuetur
814 1350 830 1394 a
850 1351 961 1413 pavore
983 1355 1079 1417 aquae
1097 1357 1142 1403 ca·

154 1421 212 1479 nini
224 1419 327 1497 capitis
342 1419 413 1478 cinis
424 1418 520 1478 inlitus
532 1418 654 1494 volneri,
670 1425 787 1496 oportet
798 1426 891 1478 autem
903 1420 1033 1481 comburi
1050 1423 1143 1485 omnia

155 1503 258 1564 eodem
272 1502 376 1579 modo,
396 1510 427 1561 ut
447 1502 538 1561 semel
554 1502 695 1578 dicamus,
716 1503 744 1561 in
760 1517 830 1559 vase
847 1501 928 1562 fictili
943 1519 1022 1565 novo
1041 1506 1172 1587 sagittata

155 1585 315 1646 circumlito
338 1594 425 1662 atque
447 1586 486 1646 ita
509 1586 537 1643 in
557 1585 667 1644 furuum
687 1584 786 1644 indito.
824 1584 901 1644 idem
922 1594 951 1645 et
973 1587 1002 1648 ln
1023 1590 1142 1669 potione

156 1668 279 1745 proiicit.
310 1667 423 1745 quidam
440 1666 478 1725 ob
494 1667 522 1727 id
537 1668 676 1728 edendum
692 1667 841 1727 dederunt.
871 1668 957 1746 aliqui
972 1680 1002 1731 et
1015 1689 1142 1735 vermem

155 1749 329 1809 ecadavere
350 1751 451 1808 canino
474 1750 670 1826 adalligavere
691 1758 872 1811 menstruave
892 1753 971 1812 canis
994 1756 1024 1814 in
1048 1773 1142 1835 pauno

156 1831 309 1892 subdidere
326 1832 409 1891 calici
431 1841 479 1892 aut
495 1835 569 1892 intus
591 1835 681 1911 ipsius
697 1832 805 1893 caudae
826 1835 901 1913 pilos
918 1836 1090 1900 combustos
1103 1842 1142 1900 ia·

112 1928 147 1983 99
159 1933 276 1976 seruere
295 1915 444 1994 {voluerii
464 1913 523 1976 cor
539 1918 666 1977 caninum
680 1916 831 1976 habentem
846 1917 956 1994 lugiunt
972 1937 1073 1999 canes,
1088 1935 1173 1984 nauto

154 2000 257 2060 latrant
274 2017 342 2059 vero
360 1999 458 2076 lingua
474 2000 574 2060 canina
594 2002 621 2060 in
642 2001 829 2060 calciamento
845 2001 956 2062 subdita
971 2004 1076 2082 pollici
1097 2013 1143 2067 aut

154 2084 272 2143 caudam
295 2083 434 2142 mustelae
449 2102 523 2161 quae
544 2085 657 2144 abscisa
679 2100 715 2143 ea
735 2083 850 2143 dimissa
871 2085 907 2144 sit
926 2083 1070 2148 habentis.
1100 2096 1144 2149 est

153 2166 236 2224 limus
248 2167 357 2226 salivae
369 2166 422 2224 sub
434 2166 531 2243 lingua
543 2167 651 2226 rabiosi
666 2167 745 2226 cauis
759 2167 807 2243 qui
818 2167 900 2226 datus
916 2169 944 2227 in
954 2178 1026 2248 potu
1038 2171 1143 2247 hydro·

155 2247 269 2325 phobos
286 2247 349 2307 lieri
363 2265 420 2306 non
444 2251 564 2324 patitur,
587 2249 676 2309 multo
697 2258 791 2308 tamen
806 2250 955 2311 utilissime
976 2253 1060 2314 iecur
1082 2256 1144 2314 etus

155 2331 202 2406 qui
222 2330 250 2388 iu
266 2329 347 2389 rabie
362 2330 549 2391 momorderit
564 2331 661 2407 datur,
685 2333 709 2390 si
724 2334 817 2408 possit
832 2335 909 2412 lieri,
932 2336 1050 2396 crudum
1068 2353 1174 2398 man-tt

154 2411 285 2490 dendum,
305 2414 352 2472 sin'
363 2415 465 2491 minus,
481 2432 598 2494 quoquo
613 2415 699 2475 modo
712 2424 836 2494 coctum,
852 2425 899 2476 aut
916 2417 960 2476 ius
972 2421 1066 2480 coctis
1083 2438 1144 2481 car·

113 2496 264 2560 leonibus.
281 2494 335 2556 Est
349 2498 523 2559 vermiculus
537 2500 565 2558 iu
581 2499 677 2576 lingua
688 2495 789 2559 canum
801 2500 849 2577 qui
863 2509 983 2560 vocatur
996 2520 1013 2570 a
1024 2502 1145 2565 Graecis

154 2580 236 2658 lytta,
255 2597 311 2658 quo
330 2590 465 2659 exempto
480 2581 633 2642 infantibus
651 2582 752 2642 catulis
766 2599 823 2641 uec
837 2582 928 2643 rabidi
943 2585 1014 2644 liunt
1029 2604 1088 2647 neo
1104 2587 1144 2647 ia·

153 2664 266 2723 stidiutn
285 2667 419 2725 sentiunt.
448 2664 524 2725 idern
547 2674 592 2724 ter
611 2667 670 2742 igni
692 2665 873 2726 circumlatus
897 2667 978 2726 datur
1001 2671 1109 2731 morsis
1129 2686 1144 2729 a

153 2746 270 2806 rabioso
290 2764 327 2807 ne
350 2747 441 2807 rabidi
457 2748 534 2807 liant.
566 2756 595 2807 et
615 2747 766 2808 cerebello
786 2749 949 2826 gallinaceo
971 2754 1174 2829 occurritur,at

155 2827 206 2886 sed
222 2827 250 2888 id
267 2829 433 2890 devoratum
449 2847 523 2890 anno
539 2838 645 2890 tautum
662 2849 698 2890 eo
720 2832 850 2910 prodest.
885 2835 963 2892 aiunt
983 2843 1013 2894 et
1029 2836 1145 2897 cristam

152 2909 223 2986 galli
234 2912 382 2971 contritam
397 2913 556 2972 efficaciter
567 2914 665 2991 inponi
678 2921 708 2974 et
718 2917 829 2975 anseris
841 2917 954 2994 adipem
972 2935 1037 2977 cum
1047 2919 1145 2979 melle.

153 2992 293 3052 saliuntur
307 3003 337 3052 et
354 3012 455 3054 carues
470 3011 569 3055 eorum
585 2996 633 3074 qui
648 2996 738 3056 rabidi
755 2998 869 3058 fuerunt
886 2999 921 3059 ad
936 2999 1038 3061 cadem
1052 3019 1145 3063 reme·

111 3088 161 3141 101
174 3076 220 3136 dia
235 3077 263 3135 in
284 3076 350 3136 cibo
371 3076 490 3137 dandae.
528 3081 595 3155 quin
611 3089 640 3138 et
660 3090 797 3141 necantur
812 3082 898 3141 catuli
919 3084 1014 3143 statim
1027 3085 1056 3144 in
1071 3103 1146 3164 aqua

153 3160 189 3221 ad
205 3178 304 3221 sexum
327 3161 388 3220 eius
410 3161 457 3238 qui
477 3162 676 3239 momorderit,
697 3174 727 3225 ut
750 3167 831 3225 iecur
851 3165 966 3226 crudum
987 3165 1177 3230 devoreturtt

153 3263 191 3304 ex
200 3245 245 3304 iis.
263 3244 384 3323 prodest
391 3242 419 3303 e't
430 3244 522 3303 limam
529 3245 730 3323 gallinaceum,
744 3247 887 3308 dumtaxat
898 3249 1001 3326 rufum,
1014 3261 1146 3312 exaucto

151 3328 321 3406 inpositum,
346 3336 375 3387 et
389 3328 476 3387 muris
493 3330 590 3388 aranei
605 3329 714 3390 caudae
738 3332 826 3406 ciuis,
849 3334 888 3392 ita
905 3339 936 3390 ut
949 3333 1016 3412 ipse
1032 3336 1079 3394 cui
1097 3335 1146 3394 ab·

153 3411 228 3472 scisa
243 3413 279 3470 sit
292 3413 376 3471 vivos
393 3411 559 3488 dimittatur,
580 3412 716 3489 glaebula
736 3432 773 3474 ex
787 3415 965 3475 hirundinum
982 3416 1050 3478 nido
1065 3418 1147 3479 inlita
