2400 3840
139 168 199 232 198
473 176 780 227 ormmsmunm

135 338 205 397 tioni
232 336 261 394 in
282 337 423 394 asinarum
446 351 576 392 maxume
600 332 676 392 lacte
699 331 749 391 vel
773 349 812 390 ex
838 346 923 408 aqna.
963 327 1131 390 membrana

135 429 235 499 partus
257 436 369 494 earum,
391 418 551 496 praecipue
569 417 594 476 si
609 433 716 476 marem
730 415 917 494 pepererint,
938 411 1068 473 olefacta
1083 430 1131 475 ac·

135 503 259 564 cedente
279 501 381 561 morho
403 501 586 561 comitialium
600 500 718 560 resistit.
749 505 816 558 sunt
836 497 917 576 quie
934 513 1013 556 mare
1030 497 1130 574 nigro·

136 606 192 667 que
209 603 261 646 cor
275 585 416 646 edendum
432 602 494 644 oum
516 602 590 662 pane
606 581 658 643 suh
672 582 719 643 diu
739 583 831 661 prima
850 589 899 641 aut
914 579 1042 640 secunda
1063 580 1130 640 luna

136 672 327 750 praempiant,
340 669 388 728 alii
404 685 535 744 carnem,
552 667 638 746 aliqui
654 667 822 743 sangninem
840 672 926 726 aceto
941 662 1060 725 dilutum
1076 680 1150 744 perr

92 765 145 820 no
155 753 218 815 dies
232 753 281 813 xl
298 750 462 811 hibendum.
497 750 610 828 quidam
624 751 732 810 urinam
746 766 839 827 aquae
853 747 997 808 ferrariae
1013 765 1053 808 ex
1066 747 1130 809 oili·

136 840 208 899 cinis
223 837 346 895 miscent
365 834 525 911 eademque
540 835 660 912 potione
677 843 706 893 et
721 833 875 911 lymphatis
892 832 1054 893 medentur.
1081 848 1129 891 co·

135 919 289 980 mitialihus
312 917 394 978 datur
418 926 447 976 et
474 918 558 977 lactis
579 918 676 995 equini
698 927 783 996 potus
811 915 966 994 lichenque
993 915 1023 975 in
1043 923 1129 976 aceto

135 1003 228 1062 malso
245 1000 398 1075 bibendus,
421 1001 527 1060 dantur.
543 1010 572 1060 et
592 1017 694 1060 carnes
710 1002 846 1078 caprinae
868 1000 896 1058 in
916 1015 992 1075 rogo
1006 998 1138 1077 hominis

135 1095 245 1160 tostae,
267 1094 297 1144 ut
311 1084 411 1144 volunt
423 1083 517 1160 llagi,
546 1084 646 1143 sehum
661 1102 759 1144 earum
775 1101 839 1143 oum
852 1078 923 1142 felle
937 1084 1052 1143 taurino
1068 1083 1130 1162 pari
1139 1093 1158 1134 tt

136 1168 266 1248 pondere
287 1164 440 1228 decoctum
464 1169 543 1227 etin
568 1167 702 1228 folliculo
725 1167 803 1226 fellis
826 1165 1008 1226 reconditum
1029 1167 1069 1226 ita
1095 1182 1130 1225 ne

136 1263 242 1314 terram
255 1253 386 1329 attingat,
398 1260 497 1330 potum
512 1269 583 1311 vero
596 1270 634 1311 ex
649 1269 723 1330 aqoa
736 1251 869 1310 sublime.
893 1249 1024 1309 morbum
1038 1251 1130 1329 ipsum

136 1337 327 1417 deprehendit
349 1336 460 1415 caprini
474 1354 581 1396 cornus
598 1334 647 1394 vel
671 1335 779 1394 ceruini
793 1335 850 1394 usti
869 1332 961 1393 nidor.
990 1333 1130 1393 sideratis

136 1424 216 1482 urina
227 1420 298 1500 pulli
309 1421 411 1480 asinini
423 1419 513 1480 nardo
526 1420 651 1479 admixto
664 1419 853 1497 perunctione
864 1415 1007 1496 prodesse
1019 1416 1130 1477 dicitur.

94 1516 145 1572 Μ
211 1504 295 1583 (64.)
315 1505 411 1580 Regio
426 1502 529 1562 morho
546 1520 650 1562 cornus
663 1503 771 1561 cervini
782 1503 862 1579 ciuis,
877 1501 994 1577 sanguis
1006 1502 1080 1561 asim
1094 1518 1131 1561 ex
1139 1515 1159 1555 u

138 1590 221 1664 vino,
236 1591 305 1647 item
325 1588 419 1646 limum
441 1587 542 1645 asinini
563 1586 634 1663 pulli
656 1585 734 1663 quod
757 1586 877 1663 primum
899 1583 987 1644 edidit
1008 1603 1027 1644 a
1048 1592 1131 1663 partu

138 1672 232 1731 datum
247 1669 333 1728 labae
348 1668 541 1744 magnitudine
557 1687 574 1726 e
590 1670 657 1727 vino
673 1669 804 1729 medetur
822 1669 896 1729 intra
916 1668 991 1728 diem
1007 1669 1130 1728 tertium.

137 1754 238 1813 eadem
256 1761 285 1811 et
302 1770 340 1810 ex
357 1752 462 1829 equino
480 1751 560 1827 pullo
578 1751 766 1829 similiterque
782 1753 826 1812 vis
842 1760 897 1813 est.

206 1835 290 1914 (65.)
311 1834 423 1893 Fractis
438 1832 552 1893 ossibus
567 1845 797 1913 praesentaneus
809 1835 989 1896 maxillarum
1006 1835 1071 1913 apri
1093 1837 1131 1895 oi·

137 1922 181 1980 nis
204 1919 254 1979 vel
273 1919 345 1995 suis,
366 1920 432 1977 item
447 1917 557 1978 lardum
579 1918 684 1977 elixum
705 1927 791 1996 atque
814 1917 1041 1994 circumligatum
1060 1919 1161 1979 miras

139 2004 288 2064 celeritate
311 2001 425 2062 solidat.
456 2003 545 2063 costis
566 2000 679 2080 quidem
701 2000 801 2061 fractis
822 2001 952 2062 laudatur
976 2002 1061 2063 unice
1085 2018 1131 2061 ca·

136 2090 248 2167 prinum
264 2088 357 2146 limum
373 2105 410 2144 ex
424 2088 492 2145 vino
507 2094 618 2161 vetere,
634 2087 737 2164 aperit,
754 2085 888 2161 extrahit,
906 2093 1054 2163 persanat.

95 2181 147 2234 228
212 2169 294 2246 (66.)
316 2168 418 2228 Febris
434 2177 516 2228 arcet
530 2185 681 2227 cervorum
699 2184 784 2244 caro,
799 2177 829 2228 ut
845 2169 984 2243 diximus,
1002 2185 1054 2227 eas
1072 2169 1131 2247 qui·

101 2252 120 2294 ⁸·
132 2251 167 2286 ¹¹⁹
180 2251 244 2310 dem
258 2269 332 2329 quae
345 2261 425 2310 certo
438 2252 547 2310 dierum
562 2268 680 2311 numero
696 2250 818 2312 redeunt
833 2252 934 2312 oculus
950 2250 1010 2329 lupi
1029 2249 1133 2311 dexter

137 2335 231 2395 salsus
250 2334 490 2411 adalligataeque,
507 2337 531 2394 si
548 2334 807 2412 credimusllagis.
827 2334 881 2396 Est
894 2352 988 2412 genus
1006 2333 1162 2395 letricus

138 2417 216 2497 quod
229 2418 464 2496 amphemerinon
480 2426 595 2479 vocant.
631 2419 687 2478 hoc
701 2418 818 2479 liberari
836 2419 964 2493 tradunt,
982 2435 999 2476 e
1015 2436 1093 2479 vena
1109 2419 1133 2477 si

138 2505 202 2580 quis
218 2504 294 2562 auris
311 2504 382 2563 asini
398 2504 450 2562 tris
461 2512 557 2579 guttas
571 2503 719 2580 sauguinis
736 2503 765 2562 in
780 2501 890 2563 duabus
905 2501 1027 2561 heminis
1037 2519 1133 2580 aquae

138 2585 275 2647 hauserit.
306 2588 450 2663 quartanis
465 2586 542 2663 hiagi
564 2593 750 2645 excrementa
766 2585 833 2645 ielis
850 2602 913 2644 cum
934 2584 1025 2661 digito
1042 2585 1133 2645 huho·

137 2672 182 2728 nis
202 2669 352 2746 adalligari
373 2670 486 2746 iubent,
510 2679 540 2728 et
559 2687 596 2728 ne
612 2669 742 2729 recidant
759 2686 817 2728 non
837 2669 982 2728 removeri
1006 2677 1132 2747 septeno

95 2753 284 2815 thecircuitu.
313 2754 377 2830 qnis
394 2753 466 2828 hoc,
482 2768 611 2830 quaeso,
637 2754 767 2811 invenire
786 2749 898 2830 potuit‘i
926 2760 1060 2830 quaeest
1074 2753 1163 2813 istatt

137 2831 278 2893 mixtura?
307 2853 359 2894 cur
381 2835 486 2910 digitus
510 2835 689 2911 potissimum
706 2835 829 2895 bubonis
846 2835 959 2896 electus
974 2833 1040 2894 esti
1069 2852 1131 2895 mo·

138 2917 284 2976 destiores
310 2918 392 2976 iocur
412 2917 478 2976 ielis
502 2916 692 2976 decrescente
712 2917 778 2978 luna
801 2921 919 2979 occisae
940 2920 1134 2979 inveteratum

139 2999 201 3060 sale
223 3016 261 3058 ex
282 2999 349 3058 vino
368 2999 520 3059 hibendum
542 3009 607 3059 aute
628 3001 816 3062 accessiones
842 3011 997 3080 quartanae
1019 3001 1131 3063 dixere.

138 3084 223 3144 iidem
237 3081 313 3159 Magi
329 3084 385 3143 limi
403 3082 500 3143 huhuli
516 3084 613 3143 cinere
628 3100 788 3163 consperso
801 3103 957 3165 puerorum
972 3086 1056 3146 urina
1069 3086 1132 3147 inli-

137 3178 206 3228 nunt
221 3166 328 3243 digitos
345 3167 449 3246 pedum
463 3166 651 3245 manibusque
668 3166 780 3246 leporis
794 3187 850 3230 cor
864 3169 1027 3246 adalligant.
1063 3186 1164 3230 coa-st

138 3252 234 3328 guium
254 3260 318 3311 aute
334 3253 520 3312 accessiones
532 3254 695 3329 propinant.
728 3253 809 3312 datur
830 3262 860 3312 et
875 3270 978 3312 caseus
994 3254 1133 3331 caprinus

137 3353 243 3396 recens
259 3353 323 3395 cum
337 3335 424 3395 melle
439 3336 593 3412 diligenter
610 3352 677 3394 sero
693 3353 846 3415 expresso.
875 3358 878 3362 ·

95 3426 148 3482 230
212 3420 260 3478 17.
284 3419 369 3496 (67.)
390 3418 607 3482 Melancholicis
625 3420 718 3478 limum
738 3420 819 3478 vituli
839 3420 868 3478 in
890 3421 958 3479 uino
976 3419 1134 3482 decoctum
