2400 3840
314 203 394 249 uun.
411 200 502 249 man.
518 200 630 248 xxxo.
646 195 733 251 7-9.
751 184 905 262 (ut—31.)
1049 185 1110 248 301

111 360 241 434 masq'ue.
271 356 363 432 Rigor
379 356 503 415 cervicis
518 353 645 414 mollitur
658 353 774 413 marinis
789 354 838 430 qui
854 350 990 431 peduculi
1005 368 1111 412 vocau-

112 450 158 500 tur
172 439 307 499 drachma
323 447 402 517 pota,
418 448 554 499 castoreo
571 446 642 516 poto
658 454 722 496 cum
741 437 843 514 pipere
859 453 896 494 ex
915 435 1008 494 mulso
1023 436 1112 494 mixto

111 525 189 582 ranis
214 523 346 582 decoctis
362 539 400 581 ex
421 522 490 584 oleo
508 531 538 582 et
558 521 636 599 sale,
661 529 691 580 ut
715 518 867 579 sorbeatur
887 536 984 579 sucus.
1016 519 1066 578 Sic
1084 527 1113 577 et

111 606 300 684 opisthotono
312 605 461 665 medentur
474 616 503 665 et
518 614 626 682 temno,
641 603 777 683 spasticis
787 620 860 663 vero
870 603 972 682 pipere
985 600 1110 662 adiecto.

88 689 243 766 ahnginas
268 707 413 748 meuamm
434 688 574 749 salsarum
599 707 616 748 e
638 686 780 766 capitibus
808 688 880 746 ciuis
904 705 942 748 ex
963 686 1051 745 melle
1069 687 1108 744 iu·
1121 695 1156 750 90

112 774 179 833 litus
200 773 316 850 abolet,
339 789 470 832 ranarum
491 772 676 832 decoctarum
693 779 779 831 aceto
800 788 904 846 sucus,
926 770 975 829 hic
994 779 1024 828 et
1045 787 1112 830 con-

110 866 155 916 tra
168 856 301 916 tonsillas
313 856 445 933 prodest.
468 857 565 916 cancri
577 855 732 914 fluviatiles
745 853 803 915 triti
815 854 921 930 singuli
931 856 960 912 in
972 853 1112 913 heminam

111 957 204 1019 aquae
223 941 334 1016 anginis
350 939 501 1000 medentur
513 940 698 1016 gargarium,
715 947 762 999 aut
778 955 795 997 e
810 939 878 997 vino
891 946 920 997 et
930 936 1024 998 calida
1038 953 1113 1014 aqua

112 1026 183 1102 poli.
212 1041 287 1083 uvae
303 1023 435 1083 medetur
454 1040 553 1100 garum
577 1021 761 1082 coclearibus
779 1020 933 1081 subditum.
956 1037 1060 1081 vocem
1076 1023 1112 1079 si·

77 1125 102 1166 ao
113 1106 168 1167 luri
184 1117 319 1170 recentes
335 1107 443 1166 salsive
460 1109 489 1164 in
508 1104 573 1164 cibo
590 1105 693 1182 sumpti
708 1103 855 1164 adiuvant.
934 1117 938 1126 ·

176 1190 261 1266 (29.)
277 1189 459 1247 vomitiones
472 1188 551 1247 mulli
569 1188 720 1247 inveterati
735 1187 851 1264 tritique
864 1190 892 1246 in
905 1190 1024 1266 potione
1042 1204 1108 1247 cou-
1120 1199 1152 1252 91

112 1275 210 1332 citant.
233 1271 408 1349 Suspiriosia
421 1280 554 1330 castorea
568 1289 631 1330 cum
642 1270 837 1330 Hammoniaci
854 1272 960 1347 exigua
977 1273 1111 1349 portione

112 1374 150 1415 ex
167 1363 251 1414 aceto
269 1354 361 1413 mulso
378 1355 480 1413 iciunis
492 1354 641 1414 utilissima
659 1362 740 1432 potu.
763 1352 865 1411 eadem
883 1356 963 1430 potio
979 1370 1112 1430 spasmos

112 1437 252 1499 stomachi
265 1436 347 1496 sedat
360 1455 397 1496 ex
409 1446 492 1498 aceto
505 1438 597 1496 mulso
616 1437 711 1497 caldo.
731 1436 846 1495 'iussim
858 1452 960 1495 sanare
979 1436 1110 1495 dicontur
1121 1446 1156 1500 92

76 1541 103 1581 15
113 1524 234 1601 piscium
256 1520 342 1580 modo
367 1522 465 1580 eiure
489 1520 631 1580 decoctae
653 1523 681 1579 in
703 1519 808 1599 patinis
827 1535 925 1578 ranae.
954 1537 1112 1598 suspensae

111 1615 206 1664 autem
228 1603 367 1682 pedibus,
394 1621 457 1663 cum
484 1604 675 1665 destillaverit
698 1605 726 1661 in
749 1603 859 1681 patinas
889 1602 980 1662 saliva
1006 1620 1112 1678 earum,

95 1689 268 1766 ‘exinterari
293 1686 425 1747 iubentur
448 1687 627 1767 abiectisque
645 1688 800 1746 interaneis
819 1685 939 1745 condiri.
972 1684 1026 1745 llst
1042 1702 1111 1746 rana

112 1789 202 1850 parva
217 1772 351 1830 arborem
370 1772 512 1832 scandens
528 1780 614 1850 atque
631 1789 669 1831 ex
684 1789 718 1830 ea
733 1771 915 1847 vociferans,
936 1772 965 1829 iu
978 1769 1061 1829 huius
1079 1787 1113 1831 os

112 1855 222 1934 siquis
246 1863 369 1935 exspuat
393 1857 544 1935 ipsamque
567 1856 710 1930 demittat,
739 1855 811 1914 tussi
833 1855 951 1913 liberari
970 1863 1111 1913 narratur.

76 1953 102 1994 ao
114 1941 295 2020 praecipiunt
313 1948 343 1998 et
358 1939 481 1998 cocleae
497 1939 603 1998 crudae
621 1954 737 1998 carnem
757 1940 850 1997 tritam
866 1935 969 1996 bibere
984 1955 1022 1995 ex
1038 1954 1112 2015 aqua

112 2022 194 2083 calda
211 2024 239 2079 iu
253 2022 325 2081 tussi
344 2030 472 2079 cruenta.

174 2107 204 2166 9.
229 2104 312 2180 (30.)
336 2102 477 2163 Iocineris
492 2103 643 2163 doloribus
660 2106 777 2183 scorpio
794 2105 918 2163 marinus
935 2104 962 2162 in
978 2104 1045 2161 vino
1060 2121 1108 2162 ne·
1121 2113 1155 2167 93

113 2197 194 2248 catur
211 2196 238 2246 ut
253 2188 320 2246 inde
333 2186 457 2262 bibatur,
476 2188 604 2247 conchae
622 2188 730 2266 longae
747 2206 849 2248 carnes
865 2204 902 2245 ex
917 2186 1009 2245 mulso
1026 2195 1112 2264 potae

113 2290 177 2331 cum
195 2287 288 2348 aquae
303 2273 366 2349 pari
380 2271 467 2330 modo
483 2280 540 2348 aut,
558 2273 582 2331 si
596 2271 697 2332 febres
712 2274 776 2349 siut,
794 2290 831 2330 ex
847 2288 920 2352 aqua
936 2270 1036 2330 mulsa.
1061 2270 1119 2330 ha·

75 2358 183 2416 actoris
206 2354 324 2414 dolores
348 2355 457 2415 leniunt
477 2355 662 2434 hippocampi
685 2359 753 2415 tosti
777 2356 880 2432 sumpti
902 2355 1059 2433 tetheaque
1076 2357 1111 2413 si·

111 2439 186 2498 milis
207 2448 305 2497 ostreo
328 2439 356 2496 in
375 2439 441 2497 cibo
458 2448 587 2515 sumpta,
612 2438 832 2497 ischiadicorum
850 2439 940 2496 muria
956 2438 1037 2497 siluri
1053 2437 1112 2510 clv·

112 2531 192 2580 stere
207 2522 310 2580 infusa.
333 2521 435 2579 dantur
447 2530 541 2579 autem
554 2520 684 2578 conchae
696 2522 786 2580 ternis
798 2519 893 2579 obolis
908 2520 1003 2579 dilutis
1015 2521 1044 2578 in
1055 2520 1113 2577 vini

112 2606 247 2664 sextariis
266 2602 379 2663 duobus
396 2621 449 2681 per
464 2602 526 2662 dies
543 2602 715 2680 quindecim.

177 2687 262 2765 (31.)
284 2685 390 2745 Alvom
407 2685 517 2745 emollit
532 2686 637 2744 silurus
655 2704 671 2745 e
685 2687 747 2744 iure
762 2694 791 2744 et
803 2684 926 2762 torpedo
943 2685 971 2742 in
985 2684 1061 2744 cibo.
1083 2695 1112 2745 et
1121 2697 1156 2751 94

77 2788 103 2829 ao
116 2769 180 2828 olus
197 2771 334 2828 marinum
352 2769 445 2828 simile
462 2769 566 2842 sativo,
583 2767 732 2828 stomacho
748 2769 900 2844 inimicum,
918 2767 1013 2828 alvom
1031 2769 1112 2828 facil·

112 2853 179 2912 lime
201 2860 324 2930 purgat,
348 2852 400 2911 sed
422 2860 543 2930 propter
559 2853 744 2911 acrimoniam
764 2869 827 2910 cum
842 2853 939 2929 pingui
959 2870 1045 2913 corne
1063 2870 1112 2913 co·

112 2937 222 3016 quitur,
243 2945 273 2995 et
290 2938 413 2995 omnium
434 2937 555 3015 piscium
578 2937 631 2995 ius.
656 2936 731 2994 idem
752 2943 781 2995 et
801 2937 898 2995 urinas
914 2938 987 3012 ciet,
1013 2939 1111 2997 evino

112 3038 254 3079 maxume.
279 3030 424 3099 optumum
438 3039 454 3079 e
466 3019 671 3098 scorpionibus
687 3028 716 3079 et
726 3018 815 3079 iulide
830 3029 859 3079 et
874 3020 1042 3080 saxatilibus
1058 3039 1112 3079 nec

112 3104 190 3161 virus
206 3104 411 3180 resipientibus
434 3122 489 3162 nec
511 3102 674 3180 pinguibus.
703 3104 790 3181 coqui
806 3103 913 3163 debent
936 3121 999 3162 cum
1015 3112 1111 3178 aneto,

76 3188 197 3264 coapto,
216 3187 385 3261 coriandro,
404 3204 504 3265 porro,
523 3187 625 3246 additis
641 3187 718 3264 oleo,
734 3188 805 3248 sale.
835 3194 959 3266 purgant
980 3194 1009 3244 et
1025 3184 1108 3260 cybia
1120 3196 1153 3250 95

110 3278 212 3328 vetera
228 3271 418 3348 privatimque
437 3269 608 3346 cruditates,
637 3273 755 3348 pituitas
778 3269 866 3328 bilem
888 3269 1010 3328 trahunt.
1045 3287 1109 3346 pur-

112 3361 181 3426 gant
206 3362 235 3412 et
263 3371 380 3429 myaces
407 3370 527 3430 quorum
550 3363 651 3414 natura
673 3363 733 3414 tota
762 3355 790 3412 in
814 3353 872 3412 hoc
897 3353 966 3412 loco
988 3351 1108 3410 dicetur.

111 3445 283 3521 acervantur
304 3439 441 3496 muricum
466 3437 553 3496 modo
574 3439 732 3517 viventque
756 3439 784 3497 in
807 3437 934 3514 algosis,
954 3435 1110 3512 gratissimi
