2400 3840
140 201 182 262 92
470 210 611 259 usuum
627 210 776 260 sucuruu

202 365 287 444 (86.)
309 363 356 424 Fit
371 373 401 424 st
415 382 454 423 ex
469 364 628 425 callitriche
644 373 875 424 sternumentum.
910 362 979 424 lolia
994 370 1059 423 sunt
1072 362 1133 424 len·

140 448 257 525 ticulac,
274 448 374 508 caules
388 448 465 507 iunci
478 449 571 508 tenuis
590 447 701 523 similis,
717 447 816 508 radice
833 448 965 507 minuma.
1006 448 1135 506 noscitur

141 533 242 610 opacis
258 541 288 590 et
302 531 414 606 umidis,
432 540 546 608 gustatu
562 531 690 592 fervens.

98 626 149 681 ιι36
203 615 286 694 (87.)
309 613 457 692 hysopum
473 616 501 674 in
516 614 583 674 oleo
597 617 748 675 contritum
760 614 908 693 phthiriasi
922 613 1045 690 resistit,
1067 631 1133 691 pru-

139 699 223 776 rigini
238 699 386 776 incapite.
415 705 567 758 astantem
579 707 724 776 optumum
738 696 869 758 Cilicium
884 715 900 756 e
917 697 1012 757 Tauro
1025 705 1157 775 montc,t

140 782 207 842 dein
223 781 421 858 Pamphylium
436 798 471 840 ac
483 781 680 861 Zmyrnaeum,
696 781 846 842 stomacho
861 782 1044 841 contrarium.
1065 798 1134 858 pur-

140 874 192 943 gat
207 883 271 925 cum
286 865 342 924 lico
362 874 504 943 sumptum
520 883 573 944 per
587 867 714 941 inferna,
734 882 798 924 cum
815 863 902 924 melle
918 863 1132 924 vomitionibus.

140 957 239 1026 putant
252 956 282 1006 et
297 948 473 1026 serpentium
490 947 595 1008 ictibus
609 949 777 1024 adversari,
798 949 894 1008 tritum
917 964 980 1007 cum
1001 947 1135 1006 melleet

140 1031 201 1090 sale
217 1040 245 1090 et
261 1033 383 1090 cumino.

98 1124 147 1179 137
202 1113 283 1193 (88.)
306 1114 453 1176 lonchitis
467 1131 542 1190 non,
557 1125 587 1176 ut
606 1115 738 1195 plerique
755 1116 1007 1187 existimaverunt,
1032 1114 1135 1175 eadem
1145 1131 1169 1172 1o

141 1206 186 1257 est
200 1215 275 1276 quae
292 1196 411 1275 xiphion
430 1208 478 1259 aut
500 1197 696 1278 phasganion,
719 1215 887 1278 quamquam
903 1198 1013 1276 cuspidi
1033 1197 1135 1258 similis

142 1283 261 1358 semine,
276 1279 364 1341 habet
378 1283 453 1342 enim
467 1281 538 1341 lolia
554 1283 633 1362 porri
648 1282 779 1343 rubentia
802 1280 838 1342 ad
854 1282 984 1342 radicem
1003 1289 1032 1340 et
1049 1281 1135 1359 plura

140 1381 224 1443 quam
239 1365 267 1424 in
280 1364 372 1442 caule,
389 1365 515 1445 capitula
531 1368 666 1444 personis
681 1367 799 1426 comicis
817 1365 930 1441 similia,
948 1382 1067 1444 parvam
1083 1380 1134 1423 ex-

140 1447 303 1508 serentibus
321 1448 456 1526 linguam,
474 1447 620 1510 radicibus
633 1449 812 1528 praelongis.
841 1450 970 1508 nascitur
992 1450 1020 1507 in
1035 1449 1135 1507 sitien·

98 1541 149 1595 138
160 1531 245 1591 tibus.
276 1532 359 1611 (89.)
388 1532 544 1593 ediverso
570 1533 690 1613 xiphion
717 1542 746 1593 et
767 1532 949 1612 phasganion
973 1533 1000 1590 in
1021 1531 1169 1590 umidiore

142 1632 206 1674 cum
222 1616 342 1693 primum
358 1617 427 1693 exit,
444 1615 522 1693 gladi
537 1616 661 1696 praebet
673 1618 811 1695 speciem,
829 1615 911 1675 caule
925 1615 1009 1675 duum
1024 1614 1134 1675 cubito·

139 1715 211 1773 rum,
228 1698 326 1758 radice
342 1698 377 1758 ad
391 1700 473 1759 nucis
488 1699 638 1761 abellanae
653 1700 774 1776 liguram
786 1698 935 1773 fimbriata,
950 1717 1032 1777 quam
1045 1698 1135 1759 effodi

139 1789 205 1839 ante
219 1782 322 1840 messis
338 1791 463 1862 oportet,
478 1783 583 1843 siccari
596 1782 744 1843 inumbra.
762 1782 898 1860 superior
907 1798 976 1861 pars
992 1783 1053 1841 eius
1070 1799 1134 1840 cour

140 1872 204 1923 ture
219 1864 301 1940 trita,
332 1883 426 1944 aequo
444 1865 575 1944 pondere
590 1866 715 1927 admixto
730 1867 812 1942 vino,
835 1881 903 1924 ossa
923 1865 1014 1925 iracta
1037 1868 1134 1944 capite

139 1947 264 2007 extrahit
279 1956 327 2007 aut
342 1948 476 2027 quicquid
491 1951 520 2008 iu
536 1967 661 2028 corpore
676 1957 830 2029 suppurat,
846 1947 893 2007 vel
908 1951 932 2007 si
950 1948 1061 2009 calcata
1077 1950 1169 2010 sintao

99 2040 148 2095 139
161 2047 228 2090 ossa
246 2034 402 2112 serpentis,
419 2032 519 2092 eadem
537 2043 637 2094 contra
651 2050 764 2092 venena
781 2031 897 2091 eilicax.
921 2029 1022 2110 'Caput
1040 2033 1068 2091 in
1084 2032 1134 2092 do·

138 2113 202 2173 lore
222 2124 339 2175 veratro
364 2117 392 2174 in
423 2115 490 2175 oleo
520 2117 569 2176 vel
593 2132 716 2176 rosaceo
739 2115 864 2174 decocto
890 2117 1017 2193 tritoque
1045 2116 1135 2192 ungui

145 2199 290 2272 convenit,
307 2199 478 2277 peucedano
499 2217 537 2258 er
552 2200 620 2259 oleo
634 2200 682 2259 vel
697 2215 823 2260 rosaceo
839 2207 868 2257 et
883 2207 978 2258 aceto.
1007 2200 1135 2277 tepidum

139 2279 196 2339 hoc
212 2281 333 2358 prodest
347 2291 376 2340 et
391 2280 541 2342 doloribus
556 2285 604 2361 qui
620 2283 789 2361 plerumque
805 2299 843 2340 ex
855 2281 966 2342 dimidia
986 2291 1067 2361 parte
1087 2298 1135 2342 ca·

138 2363 205 2440 pitis
220 2366 379 2424 sentiuntur
394 2372 423 2424 et
437 2366 582 2442 vertigini.
616 2373 778 2444 perungunt
792 2373 822 2424 ct
842 2365 941 2424 radice
963 2368 1025 2425 eius
1047 2365 1132 2426 sudo·
1143 2382 1169 2424 aa

139 2446 181 2505 ris
196 2465 283 2508 causa
299 2448 442 2525 eliciendi,
458 2450 590 2527 quoniam
609 2451 736 2510 caustica
755 2449 799 2507 vis
813 2449 840 2507 ei
858 2457 912 2508 est.

96 2538 147 2592 140
207 2530 291 2611 (90.)
313 2531 506 2605 Psyllorum
522 2534 671 2609 cynoldes,
693 2531 742 2591 alii
760 2530 947 2609 chrysalliou,
963 2531 1012 2591 alii
1028 2531 1133 2591 Siceli-

139 2631 205 2688 con,
221 2614 269 2674 alii
282 2615 459 2690 cynomyiam
472 2617 631 2696 appellant,
648 2615 746 2676 radico
758 2617 845 2692 tenui,
865 2631 1058 2694 supervacua,
1074 2633 1134 2676 sar-

136 2705 307 2772 mentosum,
327 2697 413 2758 labae
429 2700 526 2776 granis
547 2703 575 2760 iu
591 2697 802 2774 cacuminibus,
823 2698 902 2759 loliis
925 2699 1027 2758 canino
1048 2699 1135 2777 capiti

137 2795 195 2838 non
205 2779 398 2858 dissimilibus,
414 2783 522 2842 semiue
537 2792 631 2842 autem
646 2783 741 2862 pulici,
758 2781 833 2844 unde
848 2791 878 2840 et
893 2781 1010 2842 nomen.
1028 2781 1086 2842 hoc
1103 2783 1131 2841 in
1143 2798 1169 2842 ao

137 2859 218 2920 bacis
239 2862 303 2940 ipsa
324 2862 415 2925 herba
430 2865 459 2924 in
473 2867 567 2926 vineis
580 2868 730 2924 invenitur.
778 2865 824 2924 vis
848 2865 884 2925 ad
905 2866 1134 2943 refrigerandum

138 2952 168 3003 et
182 2943 390 3005 discutiendum
404 2948 516 3025 ingens.
538 2965 636 3008 semen
648 2951 676 3008 lu
692 2963 753 3007 usu.
776 2947 862 3008 ironti
878 2949 1024 3028 inponitur
1038 2950 1066 3008 in
1082 2950 1133 3010 do*

97 3037 146 3089 141
159 3026 224 3086 lore
243 3037 272 3087 et
288 3029 467 3107 temporibus
482 3049 519 3091 ex
540 3040 625 3091 aceto
643 3039 672 3090 et
686 3048 811 3091 rosaceo
828 3041 876 3093 aut
892 3050 993 3112 posca.
1031 3032 1067 3093 ad
1086 3050 1133 3094 oe·

136 3117 198 3170 tera
212 3113 346 3172 inlinitur.
375 3113 520 3174 acetabuli
533 3133 666 3176 mensura
690 3117 845 3175 sextarium
860 3134 952 3194 aquae
976 3116 1078 3177 densat
1097 3134 1134 3176 ac

137 3194 287 3256 contrabit.
318 3205 385 3257 tunc
399 3205 498 3258 terere
515 3207 633 3277 oportet
648 3207 677 3259 et
697 3200 915 3260 crassitudinem
935 3200 1057 3260 inlinere
1074 3201 1168 3259 cui-st

138 3295 259 3355 cumque
276 3278 370 3340 dolori
392 3289 422 3340 et
444 3282 612 3342 collectioni
632 3284 912 3362 iollammationique.
956 3283 1134 3345 volneribui

137 3363 239 3439 capitis
255 3363 386 3424 medetur
400 3366 603 3442 aristolochia,
626 3367 718 3428 fracta
733 3367 889 3427 extrahens
904 3385 971 3428 ossa
987 3376 1016 3427 et
1031 3369 1059 3426 in
1077 3367 1133 3428 alia

136 3443 250 3521 quidem
268 3457 350 3526 parte
368 3450 502 3528 corporis
517 3449 569 3510 sed
584 3467 714 3511 maxume
730 3451 836 3529 capite,
854 3451 987 3512 similiter
999 3449 1132 3530 plistolo-
