2400 3840
311 211 392 260 7787.
407 208 499 260 mor.
514 210 624 260 xxvrr.
642 209 668 265 7.
682 211 709 264 8.
731 204 879 272 (te—38.)
1024 205 1083 269 139

93 376 173 443 8877,
198 366 317 427 herbam
332 364 500 427 fruticosam
517 365 665 445 angulosis
685 368 816 429 caulibus
836 372 944 448 nigris,
968 371 1086 433 hirsutis

91 451 172 511 ioliis
190 450 401 550 vestientibus,
406 445 562 511 maioribus
579 464 663 530 quam
677 454 757 531 78777
771 463 802 514 87
810 453 1003 533 nigrioribus,
1018 474 1086 534 gra·

93 535 286 595 veolentibus.
313 537 357 595 778
373 536 436 594 8788
450 528 556 595 8717877
571 533 720 595 87787878
723 536 809 598 'canis
827 554 941 600 morsus
962 556 1000 599 ex
1023 541 1086 602 8818

91 619 169 678 781778
185 621 258 679 777778
279 621 439 697 inpositae,
460 620 528 679 778777
546 617 581 678 87
600 617 801 695 condylomata
822 624 914 683 coctis
937 625 1035 683 cinere
1058 625 1087 683 in

68 703 163 766 siolio
182 702 282 762 oleris.
315 711 420 781 purgat
435 711 465 762 et
479 701 595 762 sordida
606 702 710 777 ulcere
725 722 788 765 cum
802 706 899 767 melle.

155 787 239 864 (31.)
266 786 371 862 Botrys
388 787 527 848 fruticosa
541 786 634 847 herba
653 787 806 851 8871877878
828 790 953 851 ramulis.
983 809 1083 851 887787
1094 803 1129 857 55

93 873 172 930 cirea
188 879 266 935 78788
280 874 424 946 78887777,
438 871 509 931 78178
528 869 659 933 87878778
672 866 785 934 similia
818 875 961 934 7777877777
983 875 1020 933 in
1027 884 1086 935 tor-

90 957 217 1015 rentium
233 956 322 1035 ripis,
348 955 479 1015 medetur
497 952 705 1034 877787787878.
739 955 797 1017 1788
815 955 1007 1039 Cappadoces
1029 976 1086 1020 am-

91 1039 216 1100 brosiam
233 1047 349 1116 vocant,
366 1039 415 1098 alii
429 1038 649 1100 Artemisiam.

56 1136 82 1183 18
155 1123 238 1202 (32.)
261 1123 385 1199 Β7817718
407 1112 551 1200 spissandi
576 1112 746 1183 7771781787
761 1127 879 1184 cotonei
901 1126 968 1187 mali
987 1127 1086 1205 modo,

91 1205 686 1369 ῃθο(1311777777777877777777771777777778
700 1287 878 1353 dubitatione
892 1301 937 1353 est
955 1293 1087 1370 18877888
1095 1298 1130 1358 58

90 1376 170 1435 ioliis
185 1372 301 1448 similis,
324 1389 434 1449 rugosa
451 1371 531 1431 78177
547 1379 713 1448 contracta,
740 1375 803 1434 8778
818 1375 901 1434 caule
916 1374 953 1435 817
972 1394 1026 1436 una
1042 1394 1087 1437 ra·

91 1458 155 1518 dice
173 1455 344 1516 exeuntibus
358 1455 447 1516 loliis.
469 1456 596 1514 nascitur
612 1456 782 1534 insoopulis
796 1474 928 1518 maxume
946 1461 1087 1538 testisque

55 1550 169 1602 reterre
192 1539 411 1618 conprehensis.
442 1540 601 1618 praecipua
625 1539 753 1600 siccandi
775 1541 978 1620 spissandique
997 1545 1041 1602 vis
1061 1545 1089 1602 81

91 1633 121 1684 et
130 1624 328 1688 collectiones
341 1623 636 1700 inflammationesque
651 1626 742 1684 omnis
754 1623 911 1702 inhibendi,
928 1628 1088 1706 praecipue

94 1709 246 1787 podagrae
262 1716 291 1768 87
304 1706 441 1788 quidquid
454 1706 633 1784 refrigerare
648 1724 721 1785 opus
738 1711 783 1772 sit.
857 1758 863 1774 .

155 1792 238 1871 (34)
261 1792 398 1870 Bnpleuri
417 1808 518 1852 semen
537 1791 575 1851 ad
594 1792 669 1851 ictus
689 1795 866 1870 serpentium
890 1794 951 1855 dari
965 1795 1085 1873 reperio
1096 1801 1130 1858 57

91 1877 244 1976 foverique
267 1876 370 1956 plagas
393 1875 515 1936 decocta
536 1892 572 1935 ea
593 1874 684 1936 herba
704 1876 825 1938 adiectis
846 1878 927 1939 foliis
946 1879 1019 1938 mori
1040 1886 1089 1937 aut

56 1960 215 2037 noorigani.

153 2043 238 2122 (35.)
261 2041 445 2103 0878787887
461 2042 630 2103 Thessalam
649 2042 768 2103 herbam
789 2044 882 2122 qualis
904 2047 941 2103 877
962 2036 1088 2104 describi

92 2146 108 2187 a
122 2127 207 2185 nobrs
224 2141 434 2204 supervacuum
452 2136 507 2204 est,
525 2145 588 2195 8777
605 2129 641 2187 877
659 2145 729 2187 7878
744 2128 806 2187 eius
822 2127 857 2188 ad
874 2129 1012 2189 amatoria
1027 2136 1087 2186 tan·

91 2219 159 2268 turn.
188 2207 258 2267 illud
274 2224 332 2268 non
347 2208 384 2268 ab
399 2228 432 2270 78
448 2220 493 2270 887
503 2210 612 2272 dixisse
625 2211 660 2271 ad
677 2211 856 2288 detegendas
868 2213 997 2288 magicas
1010 2213 1087 2271 vani·

92 2301 181 2367 tates,
205 2291 329 2352 electam
344 2294 380 2354 ad
395 2293 470 2353 hunc
485 2312 566 2352 nsum
590 2296 774 2368 coniectura,
796 2297 930 2374 quoniam
950 2311 1088 2355 arescens

55 2396 82 2436 87
94 2375 278 2436 contraheret
294 2395 326 2436 se
343 2375 379 2436 ad
395 2377 524 2453 speciem
541 2379 675 2452 unguium
690 2376 769 2436 milvi
785 2380 947 2438 exanimati.
979 2377 1088 2437 Eadem

92 2477 129 2518 ex
146 2477 233 2519 88788
247 2468 277 2518 87
291 2473 389 2518 cemos
405 2453 567 2518 silebitursa
584 2458 678 2517 uobis.

153 2543 238 2621 (36.)
262 2539 354 2614 calyx
368 2539 489 2600 77877777
504 2543 643 2616 generum
657 2549 711 2599 887.
743 2558 797 2600 uua
813 2542 913 2600 similis
925 2559 975 2602 aro
990 2543 1085 2601 nasci·
1096 2551 1131 2606 58

90 2636 135 2685 777
154 2628 183 2683 77
198 2622 389 2699 arationibus,
412 2624 558 2700 colligitur
575 2632 727 2700 antequam
748 2625 908 2699 inarescat,
931 2642 999 2683 usus
1022 2641 1088 2685 eos·

90 2710 154 2769 dem
182 2707 270 2767 1781787
289 2723 363 2785 quos
385 2707 523 2766 arisaros.
567 2704 672 2765 bibitur
699 2723 814 2786 quoque
838 2705 921 2766 radix
946 2707 1028 2767 huius
1053 2708 1090 2768 ad

54 2812 80 2854 oo
93 2789 298 2852 exinaniendas
319 2790 409 2863 81788Ι
425 2807 598 2868 mensesque
622 2790 787 2867 mulierum,
815 2791 883 2850 item
906 2789 1005 2851 888188
1026 2810 1090 2852 cum

90 2876 169 2937 loliis
191 2877 220 2936 in
239 2874 432 2952 leguminibus
456 2875 570 2936 decocti
595 2885 696 2936 887877
716 2883 876 2934 tenesmon.
910 2874 993 2954 (37.)
1016 2875 1086 2936 alte·
1098 2886 1132 2940 59

90 2979 152 3020 rum
167 2977 261 3037 genus
275 2960 338 3019 eius
355 2959 469 3038 quidam
480 2958 635 3020 anchusam
646 2966 763 3034 788877,
778 2958 826 3018 8177
844 2957 1024 3032 rhinocliam.
1045 2959 1088 3019 io·
1112 2957 1115 2963 ’

92 3044 132 3104 178
146 3044 277 3103 lactucae
294 3042 438 3120 longiora,
454 3043 597 3121 plumosa,
613 3042 711 3103 radice
725 3040 832 3119 rubra,
854 3060 928 3121 quae
949 3044 1025 3118 ignis
1043 3061 1088 3103 sa·

93 3144 160 3187 cros
179 3144 241 3186 cum
259 3126 334 3185 71878
351 3127 493 3205 polentae
501 3136 581 3187 sanat
595 3128 736 3205 inposita,
758 3127 896 3186 iocineris
913 3134 1006 3185 autem
1020 3126 1089 3186 vitia

56 3230 83 3271 78
92 3228 120 3269 77
136 3212 204 3270 vino
220 3208 288 3269 albo
304 3219 423 3288 pota.

157 3292 239 3373 (38.)
264 3291 386 3354 Circaea
400 3293 522 3368 trychno
535 3295 628 3353 sativo
644 3293 744 3353 similis
760 3300 822 3369 887,
843 3291 917 3351 7878
933 3292 1017 3368 nigro
1035 3302 1132 3368 77788

94 3376 178 3452 81118,
194 3394 286 3456 parvo
302 3379 410 3436 semine
434 3375 493 3435 ruili
515 3384 655 3437 78888778
675 3377 703 3435 17
727 3375 897 3453 quibusdam
922 3373 1088 3451 8877787178,

93 3458 192 3520 787788
209 3459 388 3539 semipedali,
403 3459 508 3539 triplici
525 3459 589 3519 iere
602 3469 650 3520 aut
665 3458 857 3538 quadruplici,
869 3457 1110 3533 8178878788,
