2400 3840
137 176 199 240 236
462 187 492 236 c.
515 188 610 235 rnrur
633 184 782 234 sncunnr

137 339 280 406 Tiridates
294 352 414 403 venerat
429 343 629 402 Armeniacum
644 341 680 401 de
701 358 734 400 se
755 341 926 419 triumphum
947 339 1087 402 adferens
1111 352 1142 402 et

95 439 127 495 17
139 429 205 488 ideo
223 429 380 508 provinciis
396 428 505 503 gravis.
525 426 663 503 navigare
678 426 820 500 noluerat,
837 428 971 503 quoniam
986 442 1141 502 exspuere

137 514 165 572 iu
185 514 272 572 maria
295 511 418 590 aliisque
438 510 598 570 mortalium
619 508 840 569 necessitatibus
869 509 981 568 violare
1007 517 1142 568 naturam

137 614 200 655 eum
215 596 259 655 las
277 613 334 654 non
352 603 459 673 putant.
489 593 592 670 blagos
604 611 701 652 secum
718 591 893 668 adduxerat,
909 594 1032 668 magicis
1050 594 1140 651 etiam

137 682 217 743 cenis
233 697 297 739 eum
315 680 485 754 initiaverat,
501 693 558 735 non
574 685 680 751 temen,
700 694 763 736 cum
777 694 896 753 regnum
912 678 939 735 ei
954 675 1046 751 daret,
1062 673 1166 735 hanes

137 762 225 824 abeo
245 773 334 823 artem
351 763 487 840 accipere
505 760 602 819 valuit.
631 760 752 839 proinde
774 762 813 819 ita
832 777 1000 838 persuasum
1016 759 1071 834 sit,
1098 760 1139 817 in·

137 845 318 919 testabilem,
341 846 464 918 inritam,
478 844 590 903 inanem
608 862 691 917 esse,
716 843 869 903 habentem
890 853 984 903 tamen
999 841 1139 921 quasdam

139 931 269 989 veritatis
285 927 410 1002 umbras,
431 927 482 985 sed
499 929 526 985 in
542 927 586 986 his
604 928 752 986 veneticae
768 927 838 986 artis
855 926 985 1005 pollere,
1000 943 1060 985 non
1077 943 1139 985 ma·

95 1015 233 1089 legions.
264 1020 382 1090 quaerat
403 1011 522 1088 aliquis,
544 1028 617 1088 quae
635 1013 691 1070 sint
705 1012 814 1069 mentiti
829 1019 946 1069 veteres
960 1009 1055 1086 Magi,
1073 1026 1139 1068 eum

138 1093 371 1155 adulescentibus
386 1094 470 1154 nobis
486 1096 565 1154 visus
582 1095 679 1173 Apion
695 1096 898 1172 grammaticae
913 1095 982 1154 artis
1000 1091 1170 1171 prodidero

136 1179 174 1237 rit
193 1177 431 1257 cynocephaliam
446 1178 581 1253 herbam,
599 1197 672 1257 quae
688 1181 716 1237 in
731 1177 870 1256 Aegypto
884 1186 1041 1238 vocaretur
1056 1177 1138 1236 osiri-

139 1263 186 1338 tis,
202 1261 324 1323 divinam
340 1271 369 1322 et
384 1271 484 1323 contra
501 1264 594 1322 omnia
610 1261 768 1340 veneficia,
790 1263 842 1322 sed
858 1263 882 1320 si
899 1269 958 1321 tota
974 1271 1139 1336 erueretur,

138 1347 231 1405 statim
242 1365 306 1406 eum
321 1348 368 1426 qui
384 1348 509 1406 eruisset
525 1349 608 1423 mori,
626 1363 717 1423 seque
733 1363 876 1406 evocasse
892 1345 1006 1405 umbras
1019 1346 1056 1405 ad
1072 1363 1139 1422 per·

138 1431 307 1491 contandum
333 1431 487 1491 Homerum
513 1448 632 1509 quanam
660 1430 751 1507 patria
785 1430 946 1511 quibusque
969 1428 1140 1508 parentibus

137 1515 252 1590 genitus
268 1524 357 1590 esset,
373 1533 430 1575 non
448 1525 542 1574 tamen
553 1533 637 1574 ausus
654 1512 784 1592 profiteri
797 1513 864 1592 quid
879 1513 933 1573 sibi
948 1511 1138 1592 respondisse
1147 1525 1169 1569 n

139 1596 259 1658 diceret.

97 1688 129 1742 19
196 1681 224 1740 3.
249 1681 312 1757 (7.)
336 1681 487 1740 Peculiare
502 1681 634 1739 vanitatis
653 1681 690 1738 sit
711 1690 907 1757 argumentum
931 1680 1008 1758 quod
1031 1682 1137 1741 anima·

138 1761 206 1820 lium
223 1772 389 1822 cunctorum
406 1764 500 1841 talpas
520 1773 650 1822 maxume
665 1764 801 1823 mirantur
824 1773 866 1823 tot
886 1765 981 1824 modis
1004 1782 1020 1823 a
1043 1781 1138 1824 rerum

138 1853 237 1906 natura
254 1845 409 1922 damnatas,
429 1849 570 1907 caecitate
586 1855 744 1925 perpetua,
765 1847 894 1907 tenebris
906 1849 1059 1907 etiamnum
1074 1847 1138 1908 aliis

138 1927 272 1988 defossas
290 1931 469 2012 sepultisque
484 1930 594 1991 similis.
625 1929 710 1988 nullis
728 1947 820 2008 aeque
837 1932 957 1992 credunt
971 1933 1056 2008 extis,
1076 1931 1169 1991 nul-aa

138 2011 195 2072 lum
211 2013 382 2092 religionum
398 2017 533 2096 capacius
551 2015 678 2075 iudicant
699 2013 816 2090 animal,
837 2024 868 2074 ιι
883 2017 906 2074 si
923 2016 986 2093 quis
1006 2031 1059 2074 cor
1076 2016 1137 2074 eius

137 2114 244 2157 recens
262 2099 463 2178 palpitansque
480 2100 620 2174 devoret,
638 2097 820 2158 divinationis
840 2108 869 2157 et
889 2116 985 2158 rerum
1007 2097 1136 2158 cilicien-

96 2187 130 2240 20
142 2178 239 2240 darum
256 2192 376 2241 eventus
400 2184 572 2259 promittant.
602 2182 689 2241 dente
710 2180 808 2258 talpae
830 2183 913 2241 vivae
931 2190 1070 2258 exempto
1094 2199 1137 2242 sa·

138 2263 199 2321 nari
225 2263 349 2323 dentium
379 2264 498 2324 dolores
531 2264 686 2341 adalligato
709 2264 866 2324 adfirmant.
909 2274 1006 2325 cetera
1037 2282 1076 2324 ex
1101 2282 1137 2325 eo

109 2405 112 2410 ,
139 2346 250 2405 animali
272 2347 378 2424 placita
399 2365 499 2406 eorum
526 2349 584 2406 suis
605 2347 761 2407 reddemus
784 2348 868 2408 loeis.
908 2367 964 2408 nec
985 2349 1168 2427 quiequamtt

139 2428 318 2507 probabilius
336 2432 495 2490 invenietur
513 2448 597 2509 quam
611 2432 699 2490 muris
715 2433 814 2492 aranei
830 2432 973 2493 morsibus
988 2432 1138 2492 adversari

106 2531 135 2572 ss,
146 2531 169 2565 ss
182 2531 241 2591 eas,
261 2516 393 2593 quoniam
409 2523 437 2574 et
452 2523 531 2576 terra
548 2514 660 2594 orbitis,
680 2524 711 2574 ut
728 2515 859 2593 diximus,
877 2516 1017 2595 depressa
1037 2516 1137 2576 adver·

138 2607 225 2656 satur.

95 2689 124 2741 ιι
193 2681 255 2760 (8.)
279 2681 385 2742 Getero
398 2683 523 2742 dentium
538 2681 698 2759 doloribus,
714 2692 745 2742 ut
760 2683 846 2743 iidem
860 2691 990 2761 narrant,
1006 2682 1138 2742 medetur

139 2781 238 2822 canum
262 2766 309 2842 qui
331 2766 413 2824 rabie
442 2767 590 2843 perierunt
612 2767 735 2844 capitum
763 2767 835 2826 cinis
859 2773 1050 2826 crematorum
1075 2768 1168 2826 sines

138 2844 271 2904 carnibus
291 2848 444 2908 instillatus
466 2868 503 2908 ex
519 2849 587 2908 oleo
605 2850 706 2927 cyprio
728 2867 781 2926 per
804 2866 902 2908 aurern
919 2850 999 2907 cuins
1021 2858 1137 2929 sparte

138 2927 270 3004 doleant,
288 2932 404 2990 caninus
420 2933 491 2992 dens
506 2933 622 2990 sinister
639 2949 786 2991 maxumus
802 2932 1079 3010 circumscariphato
1101 2949 1137 2992 eo

138 3013 185 3091 qui
201 3011 298 3072 doleat
314 3023 361 3073 ant
376 3014 510 3074 draconis
527 3031 561 3074 os
578 3033 594 3073 e
611 3017 710 3094 spina,
734 3018 802 3075 item
818 3013 994 3088 enhydridis.
1028 3025 1076 3076 est
1091 3034 1137 3077 au·

137 3105 194 3156 tem
211 3114 333 3175 serpens
349 3098 492 3158 masculus
509 3107 538 3157 ct
550 3097 641 3158 albus.
668 3098 751 3158 buius
763 3115 895 3158 maxumo
912 3098 997 3157 dente
1016 3100 1136 3159 circum·

139 3181 320 3260 scariphant,
344 3190 371 3240 ιι
396 3182 424 3240 in
440 3184 621 3260 superiorum
641 3182 743 3243 dolore
762 3182 834 3242 dnos
852 3182 1021 3259 superiores
1037 3182 1167 3243 adalb-ao

137 3274 246 3340 ganne
263 3264 379 3324 diverso
393 3267 557 3327 interiores.
579 3267 662 3326 huius
678 3265 763 3346 adipe
775 3274 992 3343 perunguentur
1008 3267 1057 3344 qui
1074 3283 1136 3327 oro·

94 3356 128 3407 22
139 3347 263 3407 codilum
280 3358 403 3427 captant.
435 3350 527 3409 dentis
550 3348 715 3428 scariphant
730 3348 844 3408 ossibus
862 3349 991 3408 lacertae
1008 3348 1137 3409 eironte

136 3429 202 3489 lune
218 3431 303 3508 plena
322 3433 463 3510 exemptis
485 3435 523 3491 ita
539 3451 574 3492 ne
592 3442 697 3492 terram
711 3435 858 3510 attingant.
890 3432 1007 3493 coluunt
1028 3433 1137 3493 caninis
