2400 3840
136 188 195 252 128
487 200 794 251 o.rnrrusneuuo1

133 357 283 417 mendatur
304 355 367 416 sale
383 363 413 416 et
428 354 496 415 oleo
510 362 541 414 et
558 357 681 415 cumino.
715 353 845 415 Daucum
861 362 890 417 et
902 372 1019 417 menaea
1034 365 1066 417 et
1081 375 1132 419 se·

134 439 241 501 eundae
258 449 330 519 potu
344 439 479 500 facillime
496 436 594 515 pellit,
618 438 749 498 ladanum
764 437 860 498 suffitu
877 440 1000 516 corrigit
1012 438 1130 519 volvas,

133 524 228 584 dolori
243 541 341 584 earum
353 521 584 598 exulceratisque
598 523 752 599 inponitur.
780 530 911 584 emortua
922 524 1131 585 scammoniunr

91 618 142 671 158
153 607 236 686 pellit
250 616 348 686 potum
364 605 412 667 vel
428 605 599 683 adpositum.
625 604 743 667 dlenses
758 605 814 664 ciet
829 604 998 683 hypericum
1014 615 1123 667 utrum·

133 708 190 768 que
212 691 391 769 adpositum,
417 695 482 748 aute
499 687 554 747 alia
571 704 660 766 vero,
676 696 707 747 ut
720 687 890 767 Hippocrati
912 688 1040 766 videtur,
1063 708 1154 754 cre-s

132 774 227 834 thmos
249 792 266 833 e
289 774 356 832 vino
380 772 488 831 semine
506 771 553 830 uel
566 771 675 848 radice,
692 775 804 832 cortice
817 771 902 831 trabit
924 781 954 831 et
974 772 1130 851 secundae,

132 858 274 917 succurrit
289 864 319 915 et
333 853 609 930 strangulationibus
625 873 750 934 eraque
765 863 845 933 pota,
860 857 928 914 item
944 855 1029 916 radix
1042 874 1060 916 e
1075 874 1129 934 ge·

131 941 215 1000 ranio
236 938 421 1018 peculiariter
447 937 582 997 secundis
606 937 857 1016 inflationibusque
878 937 1029 999 volvarum
1058 957 1130 1000 con·

132 1024 264 1081 veniens.
294 1031 398 1099 purgat
411 1021 541 1099 hippuris
563 1029 632 1098 pota
653 1028 682 1080 et
702 1021 835 1100 adposita
857 1020 969 1081 volvas.
1001 1021 1129 1101 polygo

131 1123 185 1164 nus
201 1113 270 1183 pota
284 1122 399 1164 menses
417 1104 474 1163 ciet
487 1112 517 1164 et
533 1103 655 1164 alcimae
669 1105 761 1165 radix.
789 1104 860 1165 lolia
875 1104 1049 1182 plantaginis
1064 1106 1128 1185 pel·
1139 1118 1164 1161 ao

89 1199 141 1252 159
153 1187 231 1265 lunt,
254 1189 322 1247 item
336 1188 483 1264 agaricum
498 1205 538 1246 cx
552 1205 626 1266 aqua
639 1188 741 1248 mulsa.
778 1187 932 1248 Artemisia
946 1189 1055 1249 uoluae
1069 1209 1130 1251 me·

133 1269 216 1331 detur
231 1273 313 1347 trita,
335 1287 374 1330 ex
396 1270 465 1331 oleo
481 1271 554 1331 irino
568 1279 616 1331 aut
634 1287 697 1331 cum
714 1272 770 1332 lico
782 1280 830 1332 aut
845 1289 909 1331 cum
925 1289 1021 1333 murra
1036 1273 1130 1353 adpo·

132 1355 197 1415 sita.
232 1355 360 1415 eiusdem
375 1354 458 1415 radix
471 1362 541 1432 pota
554 1355 582 1414 in
598 1362 705 1415 tantum
721 1363 826 1434 purgat
845 1363 876 1414 ut
891 1364 990 1433 partus
1006 1365 1131 1418 enectos

132 1438 273 1499 extrahat.
302 1455 418 1498 menses
440 1447 469 1497 et
484 1436 627 1498 secundas
646 1439 704 1498 ciet
724 1455 866 1498 ramorum
887 1437 1041 1499 decoctum
1060 1441 1130 1501 iosi-

132 1522 276 1597 dentibus,
294 1524 362 1581 item
376 1521 446 1581 folia
463 1530 532 1599 pota
546 1521 697 1586 drachma·
723 1521 759 1583 ad
779 1520 882 1582 eadem
896 1523 989 1583 omnia
1004 1531 1162 1606 prosuntu

89 1605 201 1667 160vel
216 1606 340 1683 inposita
355 1604 448 1663 ventri
464 1606 521 1663 imo
536 1622 600 1664 eum
617 1605 709 1666 farina
724 1605 901 1666 hordeacea.
918 1604 1039 1664 Acoron
1056 1623 1129 1686 quo·

132 1704 190 1765 que
206 1687 276 1746 utile
292 1695 336 1746 est
350 1685 536 1746 interioribus
549 1687 718 1749 feminarum
738 1688 848 1749 morbis
870 1697 899 1748 et
922 1705 1033 1764 conyza
1050 1699 1130 1750 utra·

121 1786 190 1847 ¹que
206 1778 235 1829 et
249 1769 403 1830 crethmos.
441 1778 470 1828 et
485 1768 660 1844 anthyllides
675 1772 748 1832 duae
764 1772 858 1832 volvis
881 1772 1048 1833 utilissimae
1070 1780 1129 1833 tor·

131 1851 313 1930 minibusque
334 1861 363 1912 et
383 1851 572 1912 secundarum
592 1870 691 1913 morae
712 1857 741 1915 iu
754 1856 822 1915 uino
845 1863 943 1934 potae.
974 1853 1131 1917 Gallithrir

130 1935 192 1995 lotu
207 1936 283 1996 locis
299 1935 440 2011 medetur,
458 1934 609 2014 albugines
625 1938 652 1996 in
670 1940 767 2016 capite
782 1938 871 2013 tollit,
894 1938 1018 2017 capillos
1036 1939 1162 1999 inlicitao

131 2019 200 2080 oleo
223 2021 299 2080 trita.
332 2019 473 2097 geranion
489 2022 517 2079 in
534 2021 601 2080 vino
618 2020 686 2081 albo
705 2031 819 2100 potum,
839 2020 1020 2099 hypocisthis
1034 2022 1063 2080 in
1080 2041 1127 2082 ru-

131 2103 185 2163 bro
203 2103 377 2181 profluvium
393 2105 507 2163 sistunt.
533 2102 684 2181 Hysopum
700 2105 908 2166 suffocationes
922 2104 1009 2165 laxat.
1042 2105 1128 2166 radix

131 2185 315 2246 verbenacae
343 2194 412 2265 pola
441 2204 478 2245 ex
499 2204 572 2265 aqua
592 2186 628 2247 ad
654 2190 746 2248 omnia
767 2190 796 2246 in
819 2197 901 2265 partu
922 2197 970 2249 aut
990 2205 1028 2248 ex
1043 2197 1127 2267 partu

87 2269 226 2332 161mala
246 2269 500 2346 praestantissima.
531 2269 703 2330 Peucedano
726 2270 838 2348 quidam
863 2273 984 2332 miscent
1009 2272 1038 2330 in
1057 2273 1127 2345 vino

129 2353 214 2428 nigro
229 2369 328 2423 semen
343 2354 475 2431 cupressi
491 2353 652 2414 contritum.
683 2372 748 2413 nam
770 2372 869 2427 semen
884 2355 970 2434 psylli
988 2355 1161 2419 deferre-ar

130 2435 237 2495 iactum
251 2435 280 2494 in
296 2453 385 2514 aqua,
409 2452 473 2496 cum
488 2435 627 2515 intepuit,
652 2437 809 2516 epiphoras
835 2440 928 2499 omnis
952 2438 1028 2498 uteri
1044 2437 1126 2498 lenit.

130 2517 311 2598 Symphyton
325 2519 420 2579 tritum
442 2520 470 2579 in
492 2522 560 2579 vino
577 2523 661 2599 nigro
684 2530 788 2582 evocat
808 2538 933 2581 menses.
962 2530 1062 2600 partus
1077 2521 1127 2582 ad·

50 2610 54 2622 ¹
131 2603 242 2666 celerat
264 2603 410 2664 scordotis
429 2613 498 2682 pota
520 2604 654 2666 drachma
678 2607 740 2665 suci
761 2607 790 2666 in
812 2622 905 2683 aquae
924 2605 1034 2665 mulsae
1057 2622 1127 2680 cya-

109 2686 185 2746 ‘tbis
204 2696 347 2766 quattuor.
376 2688 510 2748 dictamni
524 2688 595 2749 lolia
610 2689 763 2767 praeclare
776 2688 876 2749 dantur
891 2707 928 2748 ex
943 2706 1026 2767 aqua.
1055 2705 1126 2748 con·

128 2777 185 2829 stat
200 2771 281 2830 unius
297 2770 377 2839 oboli
398 2771 546 2848 pondere,
568 2771 618 2830 vel
641 2772 666 2830 si
685 2772 788 2831 mortui
812 2772 910 2832 sintin
929 2779 1012 2832 utero
1034 2771 1162 2838 lufao-eo

129 2859 182 2926 tes,
197 2854 328 2928 protinus
342 2853 425 2913 reddi
440 2855 502 2913 sine
516 2855 672 2914 vexatione
684 2872 858 2933 puerperae.
891 2856 1022 2916 similiter
1037 2855 1126 2934 prod·

130 2942 174 2993 est
200 2934 500 3011 pseudodictamnum,
530 2937 582 2997 sed
604 2936 727 3015 tardius,
756 2938 935 3013 cyclaminos
958 2937 1126 3015 adalligata,

129 3016 338 3077 cissanthemos
360 3026 439 3097 pota,
456 3020 524 3078 item
540 3019 715 3080 vettonicae
730 3021 822 3082 farina
836 3041 875 3082 err
889 3040 965 3102 aqua
978 3022 1080 3082 mulsa.

86 3110 139 3165 162
201 3098 285 3178 (91.)
306 3100 523 3179 arsenogonon
541 3112 570 3164 et
585 3103 764 3181 thelygonon
777 3105 885 3167 herbae
904 3115 969 3166 sunt
983 3104 1126 3165 hahentes

130 3201 199 3243 uuas
213 3182 333 3243 boribus
348 3184 434 3245 oleae
457 3187 572 3262 similis,
596 3187 765 3266 pallidiores
786 3197 896 3266 umen,
913 3207 1012 3249 semen
1027 3188 1160 3252 albumaa

130 3268 284 3346 papaveris
298 3267 394 3327 modo.
416 3268 568 3347 thelygoni
582 3281 652 3349 potu
664 3273 797 3334 feminam
814 3273 929 3352 concipi
943 3281 1068 3351 armant,
1083 3305 1127 3319 ·-

129 3366 333 3426 arsenogonon
341 3351 377 3410 ab
391 3370 425 3412 ea
439 3356 546 3414 semiue
559 3353 654 3434 oleae,
666 3374 722 3416 nec
734 3356 791 3416 alio
805 3355 949 3435 distat,·-·
959 3355 1042 3417 huius
1053 3364 1126 3434 potu

128 3435 214 3493 maris
239 3436 390 3512 generari,
423 3438 447 3496 si
475 3437 627 3499 credimus.
672 3439 721 3500 alii
750 3449 900 3520 utramque
928 3441 1023 3501 ocimo
1048 3440 1125 3501 simi-
