2400 3840
141 188 203 249 294
511 201 541 248 o.
559 202 656 249 rarus
672 201 824 250 saeuum

140 358 292 418 etiamnum
313 358 368 419 alia
385 356 480 433 Magi,
503 372 577 433 quae
593 356 617 415 si
633 373 703 418 vera
717 359 789 434 sint,
812 357 900 417 molto
914 354 1047 416 utiliores
1063 357 1142 418 ritae

140 441 337 502 existimentur
354 457 441 501 ranae
461 457 545 518 quam
560 438 654 516 leges.
680 458 804 520 namquo
825 438 982 500 harundine
1001 440 1143 500 transfixa

140 543 156 585 a
172 534 272 587 natura
285 544 338 605 per
349 542 384 585 os
396 525 420 583 si
432 522 564 582 surculus
574 524 603 582 in
614 527 768 584 menstruis
780 525 922 600 deligatur
931 524 1048 601 marito,
1061 523 1141 583 adul·

96 618 269 674 socerorum
293 609 417 669 taedium
433 606 505 667 beri.
534 606 667 666 carnibus
682 624 780 668 earum
797 607 845 667 vel
865 608 893 666 in
908 606 1021 666 hamum
1035 607 1142 667 additis

140 696 298 772 praecipue
314 708 457 772 purpuras
477 689 562 749 adlici
578 699 688 750 certum
703 701 758 752 est.
785 692 868 751 iecor
887 707 975 751 ranae
995 690 1166 768 geminom5

140 795 207 836 esse
228 777 325 837 dicunt
344 776 478 853 abicique
500 773 629 833 formicis
657 784 811 853 oportere,
834 782 1030 852 campartem
1055 791 1142 852 vam

140 860 277 938 adpetant
297 868 398 919 contra
414 874 526 917 venena
547 859 641 917 omnia
663 876 731 918 esso
747 875 801 938 pro
816 857 955 918 antidoto.
984 866 1050 917 sunt
1065 875 1141 936 quae

97 943 193 1001 omnin
210 942 350 1021 uepribus
365 950 472 1000 tantum
483 941 594 1018 vivont,
612 940 650 1001 ob
667 941 696 1001 id
707 942 871 1002 rubetarum
882 943 1008 1019 nomine,
1024 950 1055 1001 ut
1069 941 1141 1001 diri·
1184 955 1186 959 ’

139 1044 216 1102 mus,
240 1043 312 1102 quas
330 1024 435 1086 Graeci
450 1023 577 1101 phrynos
592 1033 713 1100 vocant,
737 1025 945 1102 grandissimae
964 1033 1140 1101 cunctarum,

97 1120 126 1170 51
141 1110 263 1185 geminis
286 1109 374 1168 veluti
402 1106 553 1184 cornibus,
576 1107 681 1185 plenae
701 1110 918 1170 veneficiorum.
948 1109 1019 1170 mira
1040 1109 1078 1169 de
1105 1110 1140 1169 iis
1151 1130 1172 1170 u

140 1194 269 1252 certatim
286 1193 399 1252 tradunt
416 1200 566 1252 auctores:
583 1191 679 1251 inlatis
699 1194 727 1252 in
744 1192 881 1271 populum
899 1192 1044 1252 silentium
1066 1194 1139 1269 lieri,

140 1277 267 1336 ossiculo
283 1276 361 1355 quod
377 1277 413 1336 sit
428 1276 458 1334 in
473 1275 575 1334 dextro
590 1275 683 1335 latere
695 1278 723 1337 in
736 1293 837 1355 aquam
849 1277 1011 1336 ferventem
1023 1276 1139 1337 deiecto

138 1360 306 1438 refrigerari
327 1378 379 1421 vas
394 1377 450 1419 nec
470 1367 573 1438 posteo
591 1359 709 1419 fervere
726 1361 781 1420 nisi
797 1368 951 1438 exempto,
974 1359 1002 1418 id
1017 1360 1141 1419 inveniri

139 1443 252 1505 abiecta
274 1462 343 1505 rana
366 1444 495 1503 formicis
517 1443 709 1522 carnibusque
727 1445 837 1520 erosis,
862 1442 975 1519 singula
997 1443 1027 1502 in
1043 1443 1140 1503 oleum

137 1528 220 1602 addi,
238 1536 267 1589 et
284 1545 352 1588 esse
369 1528 398 1586 in
415 1528 531 1586 sinistro
547 1525 639 1587 latere
657 1543 714 1606 quo
730 1527 845 1587 deiecto
863 1528 980 1587 lerrere
995 1527 1138 1603 videatur,
1149 1547 1170 1588 u

95 1621 129 1675 52
139 1628 293 1689 apocynon
309 1612 425 1685 vocari,
448 1627 549 1670 canum
569 1611 683 1689 inpetus
700 1628 735 1670 eo
753 1610 898 1688 cohiberi,
922 1610 1057 1672 amorem
1069 1628 1138 1672 con·

138 1696 221 1774 citari
236 1704 265 1753 et
285 1695 379 1770 iurgia
395 1692 490 1752 addito
509 1695 537 1752 iu
560 1695 726 1771 potionem,
750 1713 887 1754 venerem
909 1695 1067 1772 adalligato
1090 1696 1138 1756 sti·

137 1776 255 1852 malari,
278 1794 378 1835 rursus
401 1775 536 1835 edextro
557 1776 650 1837 latere
670 1779 840 1855 refrigerari
858 1779 1014 1855 ferventia,
1035 1778 1095 1838 hoc
1111 1786 1140 1839 et

138 1869 292 1939 quartanas
304 1861 399 1919 sanari
412 1858 568 1936 adalligato
578 1861 605 1918 in
618 1861 755 1939 pellicula
770 1864 873 1939 agnina
885 1862 996 1921 recenti
1008 1861 1139 1941 aliasque

135 1944 238 2019 febris,
259 1960 385 2007 amorem
402 1941 534 2002 inhiberi.
564 1961 601 2002 ex
621 1943 713 2004 isdem
734 1944 779 2003 his
794 1947 871 2006 ranis
886 1945 945 2005 lien
970 1953 1072 2005 contra
1089 1963 1170 2006 veto

136 2045 210 2087 neca
223 2044 297 2105 quae
314 2028 383 2086 bant
395 2045 432 2086 ex
449 2029 519 2104 ipsis
530 2027 691 2105 auxiliatur,
704 2031 786 2088 iecor
798 2046 869 2089 vero
881 2030 965 2088 etiam
977 2028 1138 2089 eilicacius.

94 2122 128 2176 53
202 2111 287 2190 (19.)
310 2108 363 2168 ltu
388 2110 506 2171 colubra
527 2112 555 2170 in
576 2129 649 2190 aqua
669 2115 781 2172 vivens.
809 2112 892 2172 huius
913 2111 1028 2189 adipem
1050 2121 1081 2171 et
1097 2111 1140 2173 fel

136 2194 268 2254 habentis
284 2195 332 2270 qui
355 2193 521 2253 crocodilos
537 2205 677 2254 venentur
697 2197 768 2256 mire
791 2196 919 2256 adiuvari
934 2195 1046 2271 dicunt,
1068 2194 1139 2255 nihil

138 2286 235 2336 contra
253 2274 339 2334 belua
354 2277 493 2352 audente,
509 2277 657 2338 efficacius
674 2282 841 2355 etiamnum,
859 2281 883 2339 si
902 2278 991 2339 herba
1006 2287 1138 2357 potamo-

136 2362 217 2436 giton
232 2359 396 2420 misceatur.
428 2359 531 2420 Cancri
549 2362 702 2423 fluviatiles
722 2365 779 2423 triti
801 2365 922 2442 potique
942 2382 979 2422 ex
1000 2380 1076 2441 aqua
1092 2380 1169 2424 ross

137 2451 237 2502 centes
259 2460 311 2502 seu
333 2446 432 2504 cinere
455 2445 607 2506 adservato
628 2457 727 2508 contra
752 2465 864 2508 venena
887 2448 979 2507 omnia
1003 2457 1138 2526 prosunt,

135 2528 266 2605 privatim
286 2536 385 2586 contra
409 2530 596 2606 scorpionum
619 2532 692 2591 ictus
714 2549 778 2591 cum
799 2531 875 2590 lacte
892 2532 1019 2606 asinino,
1041 2533 1138 2591 sinon

135 2612 181 2688 sit,
199 2611 318 2689 caprino
335 2619 382 2670 aut
398 2609 588 2691 quocumque.
619 2613 683 2674 addi
708 2623 737 2675 et
757 2615 852 2674 vinum
875 2623 1001 2692 oportet.
1033 2623 1138 2676 necant

93 2704 127 2758 sl
140 2711 192 2754 eos
211 2695 269 2754 triti
287 2713 351 2754 cum
368 2698 462 2756 ocimo
478 2695 594 2756 admoti.
624 2697 724 2758 eadem
745 2699 790 2757 vis
815 2706 914 2758 contra
930 2707 1138 2758 venenatorum

135 2780 257 2839 omnium
271 2795 395 2855 morsus,
407 2779 537 2857 privatim
550 2780 680 2855 scytalen
693 2789 723 2841 et
734 2783 835 2857 anguis
848 2790 876 2839 et
891 2790 991 2845 contra
1003 2781 1139 2860 leporem
1148 2803 1170 2847 ao

133 2863 271 2920 marinum
294 2880 328 2921 ac
352 2880 448 2923 ranam
471 2861 611 2924 rubetam.
643 2865 715 2924 cinis
740 2883 838 2925 corum
860 2874 992 2925 servatus
1014 2866 1140 2943 prodest

134 2963 245 3024 pavore
267 2955 352 3023 potus
372 2947 602 3023 periclitantibus
621 2966 657 3007 cx
671 2949 751 3008 canis
765 2948 873 3008 rabiosi
889 2966 997 3011 morsu.
1021 2950 1140 3027 quidam

133 3029 260 3090 adiciunt
275 3031 438 3104 gentianam
457 3039 486 3090 et
504 3031 572 3090 dant
587 3033 615 3090 in
630 3034 711 3108 vino,
734 3034 805 3092 etsi
827 3033 881 3092 iam
900 3050 993 3111 pavor
1011 3049 1139 3112 occupa·

135 3115 225 3190 verit,
256 3113 389 3191 pastillos
416 3117 483 3173 vino
509 3113 646 3174 subactos
670 3116 854 3176 devorandos
880 3118 918 3175 ita
942 3117 1138 3195 praecipiunt.

91 3208 123 3259 55
137 3197 239 3257 decem
255 3215 328 3256 vero
345 3199 458 3257 cancris
476 3215 538 3257 cum
561 3199 646 3258 ocimi
661 3200 807 3278 manipulo
827 3199 960 3276 adligatis
976 3202 1071 3261 omnis
1089 3202 1172 3280 quita

133 3281 171 3340 ibi
187 3283 243 3339 siut
257 3283 431 3358 scorpiones
447 3281 483 3340 ad
499 3299 563 3340 eum
579 3283 673 3342 locum
688 3284 899 3359 coiturosblagi
911 3282 1018 3359 dicunt,
1032 3293 1064 3343 et
1075 3302 1140 3344 oum

134 3365 228 3424 ocimo
250 3366 332 3442 ipsos
353 3367 517 3424 cineremve
535 3382 633 3425 eorum
650 3369 799 3445 percussis
815 3368 963 3444 inponunt.
993 3367 1088 3427 minus
1111 3369 1141 3427 in

135 3449 264 3507 omuibus
279 3448 324 3507 his
342 3450 442 3508 marini
453 3457 584 3527 prosunt.
603 3450 771 3524 Thrasyllus
784 3459 886 3509 anoton
901 3448 1027 3508 estnihil
1042 3468 1139 3531 aequo
