2400 3840
138 169 200 231 246
494 181 524 231 c.
540 185 634 232 rnrnr
652 183 802 233 snounnr

139 354 209 395 uero
225 336 315 396 iarius
335 354 372 394 ex
389 336 503 396 ossibus
517 336 610 396 canini
626 337 728 416 capitis
741 339 803 396 siue
816 354 902 396 carne
919 338 1017 395 tunsis.
1041 337 1064 395 si
1080 337 1129 396 de·
1166 355 1167 360 ¹

140 419 215 478 cidat
230 423 343 479 testium
363 418 446 494 alter,
467 438 595 498 spumam
613 420 777 479 coclearum
795 420 903 479 inlitam
918 418 1046 479 remedio
1062 438 1128 479 esse

97 512 131 566 73
141 501 263 561 tradunt.
288 503 388 562 taetris
401 501 440 560 ibi
456 503 602 561 ulceribus
618 512 647 562 et
661 503 838 563 manantibus
853 503 1022 562 auxiliantur
1037 504 1130 561 canini

140 587 243 664 capitis
261 594 396 645 recentes
412 587 541 660 cineres,
564 585 683 645 cocleae
704 604 812 665 parvae
830 586 906 644 latae
930 587 1070 645 contritae
1092 603 1130 644 ex

139 678 235 745 aceto,
253 677 388 728 senectus
403 670 535 744 anguium
552 685 589 726 ex
603 678 687 728 aceto
706 669 755 728 rel
770 671 840 728 ciuis
860 670 938 744 eius,
954 669 1010 728 mel
1026 671 1054 727 in
1072 684 1151 747 quot

139 770 210 829 apes
220 754 275 811 sint
287 753 444 810 inmortuae
456 769 519 811 cum
534 753 639 827 resina,
656 752 776 812 cocleae
787 752 889 827 nudae,
906 770 977 830 quas
988 753 1016 810 in
1029 751 1129 810 Africa

104 853 127 887 ιο
138 837 217 911 gigni
240 833 374 910 diximus,
397 835 481 893 tritae
502 852 564 893 cum
581 837 652 894 turis
667 835 777 913 polline
795 845 823 894 et
839 853 958 894 ovorum
973 835 1058 910 albo,
1073 836 1128 903 ¹tri·

139 919 248 977 cesimo
277 916 323 976 die
343 916 502 977 resolvant.
543 918 630 995 aliqui
660 935 713 996 pro
739 928 801 977 ture
824 917 940 978 bulbum
962 918 1128 978 admiscent.

96 1010 130 1067 74
140 1000 341 1075 hydrocelicis
356 999 488 1060 stelionis
504 1002 575 1060 mire
591 1000 732 1079 prodesse
745 1002 858 1061 tradunt
872 1003 977 1080 capite,
995 1000 1127 1080 pedibus,

138 1085 290 1144 interaneis
305 1083 446 1161 ademptis
461 1084 579 1143 relicum
598 1102 704 1163 corpus
720 1087 882 1161 inassatum,
902 1119 945 1132 --
964 1085 992 1143 in
1015 1083 1079 1143 cibo
1099 1082 1128 1142 id
1139 1093 1162 1134 1⁰

138 1167 254 1245 saepius
271 1165 361 1243 datur,
377 1197 420 1213 —
435 1168 508 1226 sicut
521 1167 555 1227 ad
574 1168 673 1228 urinae
682 1168 913 1229 incontinentiam
925 1171 1053 1228 caninum
1071 1166 1128 1226 adi·

138 1268 204 1328 pern
220 1266 283 1308 cum
298 1250 419 1310 alumine
434 1251 555 1326 schisto,
569 1250 654 1311 labae
668 1251 869 1328 magnitudine,
888 1252 1006 1311 cocleas
1017 1251 1129 1310 Africa·

137 1351 188 1393 nas
211 1351 274 1394 cnm
293 1352 343 1393 sua
362 1351 449 1394 carne
470 1343 499 1392 et
521 1342 594 1394 testa
616 1343 756 1394 crematas
771 1343 841 1414 poto
862 1337 977 1410 cinere,
997 1350 1129 1393 anserum

137 1418 220 1478 trium
235 1419 347 1494 linguas
371 1418 510 1478 inassatas
532 1418 561 1475 in
576 1417 651 1477 cibo.
677 1417 759 1477 huius
778 1420 820 1477 rei
842 1427 942 1478 auctor
961 1425 1006 1476 est
1023 1418 1128 1476 Anaxi·

95 1511 129 1566 75
142 1502 211 1562 laus.
245 1510 273 1561 at
288 1517 380 1579 panos
398 1501 490 1578 aperit
504 1499 604 1559 sebum
620 1500 762 1579 pecudum
779 1519 842 1561 cnm
861 1501 923 1561 sale
938 1509 1030 1576 tosto,
1045 1501 1128 1558 muri·
1139 1513 1163 1554 ιι

137 1604 202 1644 num
218 1585 310 1644 limum
325 1584 450 1643 admixto
466 1584 536 1642 turis
553 1583 661 1661 polline
679 1593 709 1643 et
723 1585 879 1643 sandaraca
895 1585 1019 1658 discutit,
1036 1583 1129 1642 lacer·

137 1677 184 1727 tae
203 1669 273 1726 cinis
288 1675 317 1726 et
334 1670 397 1745 ipsa
412 1666 503 1726 divisa
518 1667 658 1744 inposita,
681 1667 747 1725 item
766 1665 922 1744 multipeda
945 1668 1066 1724 contrita
1082 1664 1130 1723 ad·

137 1752 224 1809 mixta
239 1751 333 1809 resina
346 1748 534 1809 terebinthina
548 1765 584 1807 ex
599 1757 682 1825 parte
693 1749 786 1807 tertia.
804 1746 916 1824 qnidam
929 1757 958 1806 et
969 1749 1131 1825 sinopidem

127 1833 296 1893 admiscent
311 1833 430 1892 cocleae
447 1840 614 1906 contunsae,
630 1839 659 1890 et
673 1848 726 1910 per
744 1849 777 1890 se
792 1831 862 1889 cinis
873 1831 995 1888 inanium
1013 1830 1130 1888 coclea·

138 1934 198 1974 rum
215 1934 300 1976 cerae
311 1917 414 1975 mixtus
425 1914 629 1974 discussoriam
642 1917 697 1974 vim
713 1915 811 1990 habet,
825 1913 918 1972 dmum
934 1912 1163 1973 columbarnmao

140 2018 192 2077 per
209 2018 276 2058 sese
287 1998 332 2058 vel
346 2016 407 2058 curn
421 1998 511 2057 farina
523 1996 687 2058 hordeacea
704 2007 751 2057 ant
763 2015 909 2058 avenacea
922 1995 1038 2054 inlitum.
1057 1995 1129 2054 Gan·

137 2083 264 2142 tharides
280 2083 367 2141 mixta
385 2080 467 2141 calce
482 2097 573 2158 panos
589 2081 722 2159 scalpelli
737 2083 801 2140 vice
817 2080 965 2154 auserunt,
984 2080 1130 2154 inguinum

136 2175 275 2224 tumorem
291 2164 411 2222 cocleae
427 2165 550 2222 minutae
565 2181 627 2221 cum
642 2163 729 2223 melle
745 2163 840 2222 inlitae
856 2163 972 2222 leniunt.

95 2258 129 2312 76
190 2248 219 2306 9.
243 2246 327 2324 (23.)
349 2246 472 2305 Varices
488 2262 524 2303 ne
541 2254 708 2322 nascantur,
731 2246 858 2305 lacertae
877 2248 1015 2321 sanguine
1032 2246 1129 2321 pueris

138 2347 222 2388 crura
249 2329 352 2386 ieiunis
372 2346 387 2387 a
408 2328 502 2386 ieiuno
525 2327 687 2387 inlinuntur.
726 2327 871 2404 podagras
893 2329 963 2387 lenit
990 2344 1129 2404 oesypum
1139 2339 1163 2378 ²⁵

138 2431 200 2472 cum
218 2411 293 2472 lacte
304 2410 432 2470 mulieris
447 2420 476 2470 et
493 2428 620 2488 cerussa,
639 2413 731 2471 dmum
747 2412 888 2490 pecudum
905 2410 981 2488 qnod
994 2410 1130 2488 liquidum

137 2494 268 2571 reddunt,
285 2494 435 2572 pulmones
450 2494 601 2591 pecudum,
616 2495 656 2554 fel
673 2497 770 2555 arietis
787 2513 851 2555 curn
866 2494 948 2571 sebo,
963 2510 1059 2553 mures
1073 2490 1130 2551 dis·

139 2580 211 2639 secti
227 2580 358 2657 inpositi,
378 2579 495 2678 sanguis
515 2579 654 2639 mustelae
671 2597 740 2638 cum
748 2577 912 2657 plantagine
928 2577 1024 2636 inlitus
1044 2583 1073 2634 et
1090 2575 1130 2633 vi·

137 2681 191 2722 vae
209 2662 375 2722 combustae
392 2665 464 2722 cinis
479 2680 516 2721 ex
532 2671 615 2722 aceto
632 2680 667 2721 ac
683 2679 820 2737 rosaceo,
847 2662 871 2720 si
894 2663 979 2758 pinna
999 2659 1165 2724 inlinatur

138 2745 225 2805 vel'
202 2765 226 2803 ει
241 2763 308 2806 cera
323 2755 352 2805 et
366 2763 517 2806 rosaceum
532 2745 731 2822 admisceatur,
746 2745 787 2804 fel
797 2745 928 2804 caninum
943 2744 982 2802 ita
997 2760 1033 2800 ne
1047 2756 1163 2800 manusc

137 2829 307 2903 attingatur,
329 2829 381 2887 sed
405 2832 491 2908 pinna
506 2829 655 2904 inlinatur,
680 2829 774 2887 limum
790 2827 977 2903 gallinarum,
992 2827 1131 2900 vermium

95 2919 128 2976 77
138 2921 315 2970 terrenorum
332 2913 403 2970 cinis
421 2928 484 2971 cum
498 2910 584 2969 melle
607 2912 646 2969 ita
661 2919 691 2968 ut
706 2912 791 2969 tertio
813 2909 859 2969 dio
879 2910 1036 2969 solvantur
1079 2907 1130 2967 ali-

140 2995 188 3072 qui
216 3013 253 3054 ex
276 3011 348 3071 aqua
368 2993 489 3053 inlinere
514 2993 634 3068 malunt,
664 2992 742 3051 alii
734 3010 816 3071 ipsos
837 2992 980 3052 acetabuli
1000 3008 1131 3050 mensura

139 3097 201 3137 cum
223 3077 309 3136 mello
331 3075 442 3150 cyathis
466 3075 556 3134 tribus
583 3037 705 3153 pedibus
727 3085 794 3136 ante
824 3093 948 3135 rosaceo
973 3075 1129 3153 perunctis.

107 3198 114 3213 ·
138 3160 258 3221 cocleae
279 3161 355 3220 latae
379 3168 465 3237 potae
488 3158 594 3218 tollere
617 3158 748 3218 dicuntur
772 3158 874 3236 pedum
896 3168 925 3217 et
946 3157 1163 3219 articulorumas

138 3244 266 3303 dolores.
295 3242 429 3302 bibuntur
440 3251 532 3301 autem
543 3240 627 3300 binae
641 3241 669 3300 in
679 3243 746 3301 vino
759 3243 852 3301 tritae.
879 3242 997 3301 eaedem
1010 3241 1130 3300 inlinun-

138 3336 183 3385 tur
204 3345 266 3386 cum
288 3325 420 3385 helxines
440 3324 549 3384 herbae
572 3342 652 3383 suco.
684 3325 796 3401 quidam
820 3342 857 3383 ex
877 3333 959 3385 aceto
985 3325 1131 3383 intrivisse

141 3411 267 3468 contenti
285 3418 358 3467 sunt.
390 3408 453 3468 sale
468 3406 581 3485 quidam
597 3425 659 3467 curn
677 3410 777 3487 vipera
795 3416 922 3467 cremato
938 3410 967 3466 in
981 3407 1040 3467 olla
1055 3425 1132 3466 nova
