2400 3840
306 190 387 240 nar.
402 191 495 242 arsa.
510 193 621 241 xxvn.
638 188 723 246 5—7.
739 185 888 256 (mae.)
1028 183 1088 249 137

156 347 242 427 (26.)
263 346 373 411 Actaea
390 347 472 424 gravi
486 346 623 409 loliorum
638 346 747 422 odore,
765 347 894 408 caulibus
908 351 1023 427 asperis
1037 367 1088 427 go

94 432 244 508 niculatis,
263 432 373 495 semine
388 431 473 507 nigro
488 440 520 490 ut
534 429 678 507 hederae,
693 431 775 492 bacis
792 431 944 508 mollibus,
964 435 1090 492 nascitur

93 516 122 577 in
138 517 239 595 opacis
256 517 370 594 asperis
386 514 571 593 aquosisqne.
601 513 683 577 datur
699 513 853 583 acetabulo
871 514 959 594 pleno
971 516 1088 578 interio-

95 599 174 662 ribus
191 599 358 661 leminarum
373 597 491 658 morbis.

65 699 80 745 a.
159 683 242 760 (27.)
264 680 408 762 Ampelos
436 682 516 761 agria
542 690 663 743 vocatur
685 683 777 745 herba
802 683 881 743 loliis
903 683 981 743 duris
1008 683 1133 761 cine-454

93 768 173 829 racei
189 765 309 842 coloris,
325 766 439 845 qualem
453 766 481 824 in
496 766 566 826 satis
576 766 706 844 diximus,
722 767 850 827 viticulis
865 767 971 843 longis,
988 767 1046 827 cal·
1062 786 1095 828 aa,
1108 784 1133 821 n

94 851 183 926 loeis,
201 849 387 923 rubentibus,
406 848 530 928 qualiter
545 849 600 910 llos
616 867 702 927 quem
725 849 802 911 loris
825 851 964 912 dammam
987 849 1088 929 appel·

93 936 194 999 lamus.
227 935 257 992 in
274 933 367 994 uvolis
381 934 439 995 lert
455 951 554 993 semen
570 933 662 1001 sindle
679 932 777 997 Punici
792 934 859 995 mali
873 936 974 997 acinis.
1001 932 1084 994 radix

93 1019 156 1078 aius
173 1017 298 1078 decocta
315 1019 345 1077 in
359 1034 451 1095 aquae
468 1017 581 1092 cyathis
595 1018 696 1093 ternis,
713 1017 818 1079 additis
834 1020 893 1080 vini
910 1017 965 1078 Coi
978 1017 1090 1093 cyathis

56 1100 219 1177 soduobus,
239 1101 335 1162 alvom
351 1101 438 1167 solvit
452 1100 557 1161 leniter
572 1101 698 1179 ideoque
715 1101 884 1182 hydropicis
897 1103 989 1164 datur.
1018 1118 1088 1163 uvov

92 1186 139 1246 lae
154 1185 223 1244 vitia
238 1186 312 1244 cutis
325 1187 355 1244 in
374 1185 451 1244 facie
466 1183 615 1244 mulierum
634 1183 794 1245 emendant.
823 1185 997 1246 ischiadicos
1018 1201 1089 1263 quo·

93 1287 149 1348 que
174 1269 213 1327 uti
241 1267 296 1327 hac
319 1266 410 1328 herba
440 1267 562 1346 prodest
586 1275 670 1328 tunsa
690 1285 753 1328 cum
774 1267 852 1328 follis
875 1277 905 1328 et
925 1268 1005 1329 inlita
1026 1286 1090 1328 curn

92 1369 165 1412 suco
180 1367 243 1410 suo.

157 1432 242 1511 (28.)
265 1431 399 1493 Absinthi
415 1450 524 1510 genera
542 1433 623 1511 plura
645 1442 725 1494 sunt:
749 1434 934 1494 santonicum
956 1432 1132 1513 appella-46

57 1529 139 1579 astur
161 1535 178 1575 e
199 1515 312 1576 Galliae
333 1517 465 1595 civitate,
489 1517 638 1576 Ponticum
659 1535 677 1578 e
695 1517 804 1592 Ponto,
827 1516 875 1577 ubi
897 1534 1006 1596 pecora
1027 1517 1089 1594 pin·

93 1607 236 1679 guescunt
258 1599 309 1660 illo
331 1609 360 1659 et
381 1600 419 1661 oh
441 1599 470 1661 id
492 1602 554 1661 sine
580 1599 650 1660 lelle
671 1601 868 1680 reperiuntur,
883 1619 989 1681 neque
1013 1599 1089 1660 aliud

92 1684 301 1764 praestantius,
317 1683 466 1763 multoque
480 1683 582 1745 Italico
603 1687 742 1760 amarius,
764 1685 817 1746 sed
839 1682 964 1746 medulla
978 1683 1090 1747 Pontici

93 1768 196 1829 dulcis.
228 1767 264 1828 de
286 1786 338 1827 usu
354 1768 417 1830 eius
433 1769 584 1845 convenit,
603 1766 712 1830 herbae
733 1769 889 1831 facillimae
910 1777 995 1847 atque
1015 1770 1090 1827 inter

93 1869 203 1932 paucas
218 1851 403 1930 utilissimae,
424 1861 579 1931 praeterea
595 1855 688 1914 sacris
703 1853 805 1931 populi
819 1855 941 1914 Romani
959 1850 1089 1911 celebra·

57 1944 142 1996 mtae
162 1935 367 2013 peculiariter,
393 1936 534 2014 siquidem
556 1935 716 1997 latinarum
738 1936 818 1996 feriis
845 1934 1004 2015 quadrigae
1026 1951 1089 1992 cer·

94 2026 154 2079 tant
171 2018 199 2076 in
214 2016 360 2098 Capitolio
374 2020 526 2097 victorque
541 2018 711 2080 absinthium
726 2017 808 2094 bibit,
824 2019 924 2092 credo,
940 2019 1090 2077 sanitatem

94 2101 224 2180 praemio
235 2100 295 2161 dari
311 2100 471 2163 honorilice
482 2100 627 2162 arbitratis
638 2101 804 2162 maioribus.
828 2099 1005 2163 stomachum
1018 2115 1086 2158 con·
1098 2106 1133 2162 46

94 2182 232 2259 roborat,
255 2191 283 2243 et
296 2183 334 2244 ob
349 2183 407 2244 hoc
425 2201 513 2262 sapor
529 2184 591 2246 eius
608 2187 636 2244 in
654 2185 720 2245 vina
734 2184 914 2261 transfertur,
931 2193 960 2244 nt
976 2182 1047 2243 dini·
1058 2200 1085 2243 u.
1098 2200 1133 2236 ιο»

94 2283 167 2326 mus.
196 2264 303 2327 bibitur
317 2275 347 2327 et
364 2267 516 2329 decoctum
538 2285 612 2346 aqua
631 2287 665 2328 ac
689 2277 792 2347 postea
813 2277 901 2329 nocte
926 2276 956 2327 et
974 2266 1020 2329 ‹b'e
1043 2283 1089 2324 re·

59 2349 263 2425 refrigeratum
278 2349 331 2411 sub
347 2350 409 2427 diu,
432 2351 562 2412 decoctis
583 2370 636 2411 sex
651 2351 794 2412 drachmis
810 2352 946 2412 loliorum
962 2368 1025 2413 cum
1045 2365 1089 2409 ra·

94 2434 149 2493 mis
163 2435 223 2494 suis
238 2434 266 2494 in
281 2432 418 2494 caelestis
436 2452 528 2513 aquae
546 2436 681 2495 sextariis
697 2434 806 2510 tribus,
823 2443 938 2512 oportet
955 2441 983 2494 et
998 2431 1091 2497 salem.

95 2516 170 2579 addi.
201 2525 284 2578 setus
306 2518 369 2576 uine
385 2535 438 2576 usu
453 2526 507 2575 est.
541 2515 647 2576 bibitur
671 2526 701 2577 ot
720 2516 873 2577 madefacti
893 2516 1024 2590 dilutum,
1051 2515 1091 2574 ita

94 2598 670 2760 ill„5ttzlsltltldltnlll
684 2597 1133 2745 ‘illlindiuiduis

311 2726 320 2758 s
663 2725 671 2740 ·
1077 2723 1086 2754 a

59 2784 85 2829 ao
95 2768 171 2826 sicut
185 2772 214 2824 et
224 2781 311 2824 sucus
325 2766 469 2843 expressi,
482 2766 650 2843 exprimitur
661 2773 767 2841 auteur,
781 2783 844 2825 cum
858 2766 979 2844 primum
991 2781 1092 2824 semea

94 2849 243 2926 turgescit,
259 2848 450 2908 madefactum
467 2867 541 2929 aqua
557 2848 651 2911 triduo
666 2867 771 2909 recens
785 2858 833 2909 aut
852 2851 960 2910 siccum
976 2856 1089 2926 septem
1136 2888 1138 2893 -

95 2931 208 2994 diebus.
248 2931 317 2992 dein
342 2941 454 2993 coctum
479 2934 508 2992 in
529 2950 623 2994 aeneo
646 2950 718 2994 vaso
745 2933 781 2994 ad
801 2933 903 2993 tertias
920 2931 948 2994 Χ
968 2930 1092 2992 heminis

94 3015 124 3075 in
144 3033 237 3094 aquae
251 3017 386 3078 sextariis
404 3015 481 3078 XLV
495 3018 656 3096 iterumque
670 3017 849 3095 percolatum
863 3017 942 3077 lente
958 3016 1091 3094 coquitur

96 3098 133 3159 ad
152 3098 369 3159 crassitudinem
386 3100 499 3175 mellis,
520 3100 643 3179 qualiter
659 3118 697 3160 ex
712 3101 823 3161 minore
838 3101 986 3173 centaurio
1002 3116 1090 3177 quae·

60 3191 85 3234 ³⁵
97 3182 168 3242 ritur
185 3200 282 3243 sucus.
311 3183 365 3243 sed
381 3182 428 3243 hic
444 3183 568 3244 absinthi
584 3183 692 3244 inutilis
707 3180 859 3245 stomacho
874 3183 1018 3260 capitique
1034 3190 1090 3257 cst,

97 3283 160 3326 cum
184 3268 223 3326 sit
248 3266 299 3327 ille
324 3265 441 3327 decocti
465 3266 679 3328 saluberrimus.
714 3284 836 3345 namque
858 3266 1010 3340 adstringit
1030 3271 1135 3326 sto-48

94 3348 224 3409 maehum
240 3349 386 3429 bilemque
405 3349 545 3427 detrahit,
559 3352 669 3411 urinam
685 3351 757 3427 ciet,
776 3350 871 3410 alvom
894 3346 1003 3408 emollit
1019 3355 1049 3406 et
1063 3345 1092 3404 in

95 3429 198 3492 dolore
213 3441 310 3512 sanat,
333 3433 443 3494 ventris
460 3433 592 3495 animalia
612 3434 713 3514 pellit,
734 3433 883 3493 malaciam
903 3427 1049 3490 stomachi
1065 3436 1102 3484 et
