2400 3840
136 190 177 255 Μ
472 199 778 249 o.1›u1ursucunru1

136 374 225 437 quare
242 356 355 436 quidam
372 352 515 419 creticam
531 371 699 435 cupressum
715 352 857 413 dixerunt.
892 351 1015 412 amultis
1031 353 1061 411 in
1076 355 1135 413 sui·

136 442 202 503 litus
226 456 279 519 pro
308 447 372 502 ture
397 436 569 514 adsumitur,
594 437 623 497 in
643 433 858 496 medicamentis
888 452 961 495 vero
987 434 1135 514 duplicato

137 521 267 604 pondere
297 520 416 584 eosdem
446 518 567 581 ellectus
593 517 703 579 babere
729 534 802 597 quos
821 520 978 579 cinnamum
1002 518 1131 579 traditur.

136 605 329 669 collectiones
345 605 445 665 nrinuit
469 612 498 664 et
528 619 626 663 comas
650 603 801 679 conpescit
809 643 818 677 ‚
851 601 932 661 inlita
953 601 1052 661 ulcera
1067 619 1134 681 pur-

136 697 204 771 gat,
230 696 329 769 partus
352 695 500 751 emortuos
522 685 656 766 adposita
678 684 802 745 extrahit
820 693 849 743 et
871 684 974 747 sulita.
1004 685 1159 747 inliniturs

136 772 195 849 iqui
227 788 311 835 sacro
342 779 370 833 ct
395 766 595 847 carbunculis,
621 787 684 830 curn
708 766 795 827 melle
818 775 848 827 et
870 769 938 827 vino
956 776 1025 844 pota
1048 771 1134 845 regio

137 854 240 917 rrrorbu
256 852 396 917 medetur.
426 851 579 931 gallinacei
605 852 724 930 generis
742 852 862 930 pituitas
883 851 961 911 lumo
987 851 1050 911 eius
1068 851 1135 911 her-

138 938 192 1001 buu
208 938 303 999 auuurl
319 933 440 999 tradunt.

95 1036 147 1089 lott
219 1019 300 1099 (ut.)
329 1019 435 1081 Similis
452 1017 560 1081 herbae
576 1016 642 1081 huic
657 1016 780 1092 Sabinae
797 1025 843 1087 est
861 1016 964 1095 selago
978 1016 1133 1096 appellata.

136 1104 243 1185 legitur
258 1104 321 1165 siue
337 1102 417 1167 ferro
433 1100 534 1165 dextra
548 1119 630 1165 uranu
642 1119 695 1183 per
711 1102 832 1173 tunicam
848 1118 903 1183 qpa
918 1101 1034 1160 sinistra
1052 1103 1134 1161 exui·
1144 1119 1168 1161 ro

138 1198 184 1249 tur
197 1184 277 1251 velut
292 1204 308 1247 a
323 1186 436 1251 suante
444 1227 455 1265 ,
469 1184 586 1249 candida
600 1191 688 1257 ,vesle
703 1186 812 1253 ,vestito
827 1202 957 1263 pureque
973 1182 1060 1244 lautis
1082 1203 1135 1245 nu·

136 1269 337 1351 bipedibus,
355 1270 541 1333 sauro-lacto
561 1270 641 1350 prius
655 1285 740 1357 quam
761 1266 877 1345 legetur
898 1285 973 1345 pane
995 1268 1132 1346 uinoque.

138 1356 233 1417 lortur
251 1355 279 1416 ln
297 1370 399 1435 mappa
414 1370 497 1415 uera.
529 1351 602 1414 bano
616 1359 716 1423 contra
731 1352 890 1430 perniciem
902 1367 1014 1410 omnem
1026 1349 1134 1412 haben·

135 1438 198 1503 daur
213 1436 371 1517 prodidere
386 1435 512 1499 Druidae
532 1433 677 1505 Gallorum
699 1442 850 1507 utcontra
869 1434 962 1495 omnia
983 1433 1133 1494 oculorum

138 1523 208 1584 uitia
226 1520 331 1584 tamnu
348 1522 412 1583 elus
428 1518 580 1599 prodesse.
1142 1541 1165 1582 1⁵

97 1616 149 1673 iot
212 1600 293 1683 (tt.)
324 1600 415 1665 lidero
429 1601 566 1665 samolum
581 1600 700 1667 herbam
714 1601 901 1666 nominavere
918 1609 1088 1662 nascentem
1102 1604 1132 1662 in

136 1686 250 1763 trullis,
266 1694 298 1749 et
319 1683 392 1749 hauc
412 1686 528 1749 siuistra
543 1703 626 1748 mauu
647 1683 707 1762 legi
727 1703 744 1744 a
764 1685 869 1763 ieiunis
890 1693 991 1745 contra
1011 1686 1131 1745 morbos

136 1788 217 1835 sutrru
236 1766 399 1849 boumque,
419 1787 475 1833 ueo
494 1770 644 1850 respicere
669 1766 829 1846 legentem,
846 1786 941 1847 neque
962 1767 1032 1830 alibi
1047 1786 1131 1848 quanr

136 1855 165 1915 iu
182 1850 272 1915 cauall
290 1851 452 1933 deponere,
466 1852 507 1915 ibi
522 1854 674 1915 continere
689 1852 810 1930 poturis.

95 1950 147 2005 toi
212 1936 293 2016 illd.)
330 1934 486 1998 Gummiunr
506 1955 615 2015 genera
637 1935 767 1996 diximus.
804 1936 835 1995 in
855 1934 901 1995 his
918 1937 1045 1998 maiores
1058 1938 1162 2003 ede-ac

95 2020 158 2107 Ἢ·
178 2027 241 2083 utus
252 2018 382 2083 ruelioris
398 2021 536 2100 sudesque
547 2029 640 2083 erunt.
677 2017 811 2081 dentibus
828 2020 946 2081 inutiles
963 2030 1046 2098 sunt,
1066 2041 1129 2082 sen

135 2104 252 2185 quinem
275 2101 430 2183 coagulant
450 2110 481 2167 et
501 2103 569 2167 ideo
594 2102 783 2167 reicientibus
807 2104 976 2181 sanguinem
995 2115 1129 2182 prosunt,

133 2186 204 2251 iterra
214 2185 365 2263 erubueris,
376 2187 501 2249 arteriae
516 2188 595 2263 siliis
607 2185 856 2263 unuiusurinam
867 2187 957 2263 cient,
968 2189 1129 2251 amaritudi-

134 2288 188 2332 uss
202 2267 341 2332 hebetant
358 2268 504 2333 adstrietis
520 2271 638 2333 ceteris.
668 2287 742 2351 qaae
754 2289 793 2333 ex
807 2269 955 2349 amygdala
967 2289 1064 2332 amara
1082 2282 1129 2334 est

135 2351 354 2433 spissandisque
378 2353 541 2416 uisceribus
564 2353 710 2416 eldeaeiur
728 2352 817 2415 babet
841 2353 1063 2415 excalfactorias
1085 2359 1159 2416 rias

95 2446 146 2506 uos
157 2437 207 2497 ris.
236 2445 453 2515 praeponuntur
468 2455 623 2518 prunorum
637 2446 732 2499 autem
748 2445 777 2499 et
793 2456 961 2500 cerasorum
970 2455 1005 2499 ac
1017 2441 1125 2501 vitium

136 2522 245 2584 sirraut
261 2518 360 2584 inlitae
377 2529 408 2583 st
422 2519 621 2602 adstringunt,
637 2530 775 2583 exarato
790 2539 864 2583 sero
879 2522 1126 2585 infantiumliebe·

133 2623 186 2667 uas
202 2613 315 2671 uruat.
330 2614 452 2685 pnsuut
466 2614 496 2669 et
512 2608 583 2667 tussi
599 2607 694 2667 reteri
715 2613 851 2684 quattuor
870 2604 967 2667 obolis
988 2608 1125 2668 lunesto

132 2690 224 2767 paratis.
256 2687 413 2752 ereduntur
437 2697 467 2751 et
488 2688 620 2751 solerent
638 2691 798 2767 pauorem
818 2690 918 2751 iacere
936 2689 1124 2770 eibum-que

131 2769 346 2849 adsistentium.
358 2779 388 2833 et
405 2771 560 2833 ralralusis
575 2771 719 2850 prodesse
736 2791 801 2833 taur
814 2791 904 2852 passo
926 2782 1025 2852 poree
1056 2784 1155 2835 oea-³·

132 2851 226 2914 latrare
240 2861 270 2913 et
285 2852 436 2915 vulnerant
448 2854 620 2916 utilitatibus
634 2873 765 2917 mame
781 2859 967 2918 conruunt

93 2943 140 2999 tat:
208 2936 252 2999 tr.
265 2936 347 3014 itii.)
371 2936 478 3015 spinae
493 2937 657 3017 Aegyptiae
669 2940 734 2999 sire
745 2940 889 3003 Arabicae
900 2940 1002 3003 laedes
1012 2941 1122 3002 inodo

91 3016 120 3055 'i
131 3017 155 3052 '⁴
177 3036 240 3079 ruat
254 3019 322 3083 taes
336 3019 470 3083 dim-as.
483 3028 513 3082 et
525 3022 589 3101 ips
600 3023 709 3101 spisst
719 3026 894 3105 stringitque
908 3024 1121 3087 destillationes

132 3102 224 3163 asneis
252 3110 282 3165 et
296 3105 443 3181 nequitis
465 3107 685 3167 rammasses
698 3125 884 3189 uasa-que
912 3109 1121 3183 muham

131 3188 284 3248 etiannum
300 3185 397 3249 radiae
411 3187 563 3249 utendam.
1126 3204 1151 3246 aa

91 3280 141 3334 aas
210 3270 293 3350 (δᾶ)
319 3269 426 3351 &aas
443 3271 526 3333 dtas
541 3292 642 3334 senen
655 3284 757 3337 erratra
770 3280 945 3356 saurpim
959 3279 1117 3341 auiliatt.

130 3371 241 3417 suuntur
257 3374 297 3417 eu
309 3372 346 3417 ea
361 3356 489 3434 inposita
497 3358 602 3435 rapitis
615 3357 736 3420 dederes
749 3362 859 3422 ιίιιίι
894 3371 942 3424 est
961 3363 1030 3426 bie
1044 3363 1119 3423 sid

131 3435 168 3497 irs
191 3456 275 3517 quaer
299 3438 403 3501 timu-i
426 3440 719 3533 murmurarent.
740 3446 902 3508 insibus
921 3447 1014 3510 ulte
1028 3446 1118 3520 labia,
