2400 3840
121 200 162 262 32
477 208 782 258 o.rnm1sacuna1

121 384 187 427 vom
207 366 295 430 solvit
317 365 365 425 vel
382 366 493 426 recenti
505 364 578 424 lolio
597 363 646 424 rel
666 364 747 425 arido
758 406 768 439 ,
786 363 927 423 drachmis
944 362 1037 422 trihus
1056 382 1119 423 cum

122 449 183 510 sale
205 452 234 510 in
252 449 453 527 hydromelite.
485 448 651 508 manducata
673 449 790 527 pituitas
806 445 946 523 extrahit,
968 446 1068 506 iolium
1089 456 1119 507 et

120 536 245 594 vomitus
256 577 266 612 ‚
288 532 436 594 stomacho
456 531 566 592 inutile.
600 534 642 592 sic
662 540 693 593 et
710 532 799 592 bacae
817 531 921 609 quinae
936 529 1029 590 denae
1050 548 1117 611 pur-

119 620 245 694 gationis
261 635 346 678 causa
360 624 515 676 sumuntur.

79 710 130 766 1⁵9
172 702 200 762 9.
224 702 305 781 (81.)
335 699 445 777 ltlyrtus
469 701 561 760 sativa
592 700 709 760 candida
736 701 827 758 minus
855 699 933 759 utilis
958 697 1144 758 medicinaes

121 803 204 863 quam
226 787 316 861 nigra.
345 801 444 843 semen
469 785 532 843 eius
548 783 680 843 medetur
700 785 868 860 sanguinem
885 782 1117 859 exscreantibus,

120 870 190 928 item
203 875 303 927 eontra
316 867 422 945 iungos
437 869 466 927 in
480 869 549 927 rino
571 869 678 946 potum.
711 866 831 926 odorem
852 868 912 926 oris
938 866 1118 926 commendat

120 951 168 1010 rel
189 950 282 1029 pridie
299 951 559 1011 conmanducatum.
591 953 660 1010 item
672 950 746 1030 apud
757 949 942 1010 Menandrum
954 949 1117 1026 Synaristo-

122 1052 172 1094 sae
186 1034 243 1094 hoc
258 1033 353 1094 edunt.
384 1035 466 1094 datur
483 1043 513 1094 et
529 1034 713 1111 dysintericis
731 1033 806 1094 idem
823 1034 922 1093 denari
940 1033 1072 1112 pondere
1088 1034 1117 1090 in

121 1119 196 1177 vino.
235 1117 333 1178 ulcera
355 1117 482 1179 difficilia
505 1119 535 1178 in
556 1119 790 1200 extremitatibus
803 1119 937 1196 corporis
959 1125 1040 1177 sanat
1054 1134 1150 1182 comm

79 1209 132 1263 160
141 1204 210 1261 vino
229 1201 483 1262 subfervefactum.
513 1203 661 1280 inponitur
675 1201 838 1280 lippitudini
860 1219 924 1261 cum
944 1201 1063 1280 polenta
1086 1209 1117 1260 et

121 1286 260 1346 cardiacis
288 1288 318 1345 in
338 1303 455 1346 mamma
478 1286 613 1363 sinistra,
635 1295 665 1345 et
685 1294 786 1346 contra
805 1287 970 1364 scorpionis
987 1287 1073 1344 ictum
1087 1284 1116 1343 in

119 1386 217 1446 mero,
233 1378 264 1430 et
281 1369 316 1430 ad
330 1372 447 1430 vesicae
462 1371 550 1448 vitia,
571 1372 673 1448 capitis
689 1369 826 1447 dolores,
848 1368 1017 1447 aegilopas,
1037 1375 1117 1428 ante-

120 1470 203 1529 quam
217 1462 396 1533 suppurent,
424 1457 494 1514 item
520 1454 698 1531 tumoribus,
728 1455 931 1533 exemptisque
953 1452 1063 1511 nucleis
1087 1453 1117 1510 in

119 1537 186 1594 vino
208 1546 312 1597 vetere
336 1539 433 1597 tritum
456 1538 657 1615 eruptionibus
679 1539 808 1616 pituitae.
841 1554 925 1597 sucus
940 1537 1055 1595 leminis
1071 1536 1111 1594 al·
1126 1555 1149 1603 a,

116 1635 185 1677 vom
207 1622 300 1696 sistit,
326 1623 435 1680 urinam
459 1623 526 1680 ciet.
559 1620 594 1680 ad
617 1623 786 1700 eruptiones
801 1619 966 1699 pusularum
982 1621 1115 1697 pituitae·

121 1718 177 1777 que
204 1720 266 1761 cum
282 1711 382 1763 cerato
398 1704 544 1780 inlinitur,
571 1712 601 1763 et
617 1713 717 1764 contra
733 1704 896 1783 phalangia,
914 1702 1049 1781 capillum
1066 1704 1115 1763 de·

79 1794 127 1848 161
140 1786 242 1863 nigrat.
277 1786 371 1845 lenius
398 1804 468 1846 snco
486 1787 582 1846 oleum
599 1795 699 1848 estex
720 1787 821 1847 eadem
833 1794 944 1863 myrto,
974 1786 1068 1847 lenius
1086 1796 1116 1847 et

121 1869 232 1946 vinum,
256 1887 313 1948 quo
335 1888 484 1948 numquam
499 1871 687 1931 inebriantur.
718 1873 910 1931 inveteratum
927 1872 1005 1930 sistit
1020 1870 1116 1930 alvom

120 1960 150 2010 et
175 1953 366 2030 stomachum,
395 1956 518 2014 tormina
544 1963 640 2031 sanat,
668 1956 812 2015 fastidium
840 1953 939 2031 abigit.
979 1954 1150 2014 foliorumro

121 2040 261 2095 arentium
276 2038 367 2097 farina
383 2037 506 2098 sudores
525 2039 645 2098 cohibet
660 2041 793 2117 inspersa
808 2036 858 2098 vel
876 2039 905 2096 in
919 2037 1016 2113 labri,
1035 2036 1113 2096 utilis

119 2128 148 2178 et
164 2119 318 2196 coeliacis,
345 2120 544 2198 procidentiae
561 2121 708 2181 volvarum
715 2165 725 2198 ,
748 2120 827 2183 sedis
841 2121 937 2198 vitiis,
968 2120 1114 2181 ulceribus

118 2203 314 2278 manantibus,
336 2206 396 2281 igni
413 2221 496 2263 sacro
522 2206 601 2281 iotu,
617 2205 729 2282 capillis
748 2204 923 2281 lluentibus,
944 2204 1113 2277 furfuribus,

76 2295 128 2349 162
139 2287 208 2343 item
233 2285 295 2344 aliis
318 2288 538 2364 eruptionibus,
554 2288 701 2348 ambustis.
721 2288 833 2348 additur
856 2290 886 2347 in
908 2288 1114 2347 medicamenta

118 2386 191 2445 quae
209 2368 315 2447 liparas
330 2378 435 2429 vocant
450 2371 551 2430 eadem
565 2372 601 2431 de
617 2389 702 2432 causa
720 2389 776 2450 qua
792 2372 888 2432 oleum
906 2390 944 2431 ex
958 2371 1002 2430 his
1018 2371 1149 2430 cilice-rs

117 2453 262 2511 cissimum
275 2452 310 2512 ad
322 2472 356 2513 ea
369 2472 442 2531 quae
458 2455 487 2513 in
501 2473 602 2516 umore
617 2464 694 2533 sunt,
709 2464 849 2535 tamquam
864 2457 894 2515 in
911 2473 963 2515 ore
975 2463 1006 2514 et
1017 2454 1111 2514 volva.

117 2535 187 2596 lolia
205 2538 267 2615 ipsa
289 2538 385 2615 lurgis
408 2539 596 2598 adversantur
613 2541 680 2599 trita
698 2558 736 2601 ex
750 2543 836 2616 vino,
865 2557 928 2599 cum
949 2556 1016 2598 oera
1040 2556 1112 2599 vero

120 2620 292 2681 articulariis
307 2623 417 2682 morbis
434 2631 464 2683 et
479 2623 713 2685 collectionibus.
746 2623 847 2684 eadem
861 2625 891 2682 in
908 2625 976 2681 vino
993 2623 1113 2682 decocta

116 2703 301 2778 dysintericis
318 2714 348 2765 et
361 2704 528 2784 hydropicis
547 2710 627 2784 potui
644 2708 752 2768 dantur.
783 2709 927 2767 siccantur
948 2707 977 2765 iu
993 2706 1112 2765 farinam

75 2796 127 2850 163
138 2803 211 2863 quae
227 2789 406 2865 inspergitur
418 2790 565 2849 ulceribus
586 2799 634 2849 aut
654 2790 900 2868 haemorrhagiae.
939 2797 1063 2867 purgant
1082 2798 1146 2848 etan

115 2868 289 2946 lentigines,
304 2873 438 2949 pterygia
454 2881 484 2931 et
501 2873 691 2951 paronychias
710 2883 740 2935 et
754 2874 950 2953 epinyctidas,
974 2872 1112 2948 condylo-

114 2961 200 3028 mata,
217 2955 313 3030 testis‚
333 2962 425 3014 taetra
439 2955 548 3031 ulcera,
564 2957 634 3015 item
648 2958 777 3019 ambusta
793 2976 856 3019 cum
871 2967 980 3018 cerato.
1014 2957 1049 3016 ad
1065 2974 1111 3016 au·

115 3036 155 3094 ris
173 3036 339 3113 purulentas
356 3047 386 3098 et
403 3039 482 3099 loliis
498 3043 631 3100 crematis
654 3049 770 3102 utuntur
792 3051 823 3103 ot
834 3058 905 3101 suco
926 3050 956 3101 et
976 3040 1109 3101 decocto.

112 3119 321 3180 comburuntur
337 3131 367 3180 ct
378 3124 407 3182 in
422 3123 566 3199 antidota,
582 3125 651 3184 item
670 3125 802 3187 cauliculi
828 3126 902 3186 llore
920 3125 1063 3203 decerpti,
1081 3125 1111 3184 in

116 3203 196 3263 iictili
213 3221 289 3264 novo
313 3214 419 3283 operto
442 3210 559 3267 cremati
582 3209 610 3269 in
634 3210 729 3287 furno,
748 3209 816 3270 dein
836 3203 896 3270 triti
912 3227 951 3269 cx
971 3211 1049 3269 rino.
1079 3215 1142 3268 eras

115 3288 254 3348 ambustis
270 3288 406 3349 loliorum
428 3293 500 3351 cinis
522 3292 662 3353 medetur.
694 3295 856 3371 inguenne
876 3295 1049 3353 intumescat
1072 3311 1111 3352 ex

115 3371 230 3450 ulcere,
261 3375 331 3432 satis
352 3381 397 3432 est
422 3375 565 3434 surculum
585 3385 692 3436 tantum
711 3380 796 3454 myrti
811 3376 922 3438 babere
942 3394 1041 3437 secum
1055 3394 1111 3438 neo

112 3454 194 3515 terro
209 3475 265 3516 nec
282 3464 359 3516 terra
376 3466 544 3518 contactum.
