2400 3840
137 184 196 245 184
481 196 511 244 o.
529 196 625 245 surm
640 196 790 244 saeuum

136 351 289 425 sanguine,
312 348 395 408 iocur
415 352 499 409 etiam
514 352 702 410 inveteratum
718 369 781 409 cum
800 359 861 409 ruta
879 358 977 427 potum
992 369 1029 409 ex
1045 349 1123 426 rino,

133 437 201 492 item
217 432 298 511 adips
316 451 378 491 cum
393 433 479 492 melle
494 435 656 513 resinaque,
675 434 759 493 simili
775 434 859 492 modo
881 435 1025 492 verrinum
1040 432 1124 493 iocur

135 525 164 576 et
177 516 255 575 fellis
275 515 418 576 dumtaxat
435 517 506 576 fibra
528 516 555 576 X
572 530 621 575 1111
641 518 769 594 pondere
784 518 832 576 vel
849 516 999 576 cerebrum
1013 518 1041 573 iu
1056 516 1123 574 uino

134 609 241 677 potum.
275 598 430 677 Capuanum
446 616 535 658 cornu
551 600 597 658 vel
624 601 688 677 pilis
709 603 841 660 accensis
866 601 959 676 iugari
980 600 1124 676 serpentis

135 684 246 757 dicunt,
278 685 463 760 cineremque
485 700 501 740 e
524 700 613 741 cornu
634 692 731 761 potum
755 692 783 743 et
805 684 913 742 inlitum
935 690 1033 741 contra
1048 683 1149 746 ictuss

133 766 251 841 valere,
275 768 342 824 item
363 766 445 825 lactis
461 765 578 825 haustus
594 785 656 825 cum
671 785 724 825 uva
742 767 855 826 taminia
871 767 918 824 vel
936 767 1033 824 urinae
1059 782 1123 824 cum

133 858 217 910 aceto
233 849 355 924 scillite,
381 866 496 907 caseum
515 850 661 927 caprinum
680 868 743 908 cum
765 851 885 926 origano
904 849 1058 925 inpositum
1075 849 1124 907 vel

92 931 252 999 leaschum
266 949 328 990 cum
345 950 422 991 cera.
449 932 524 991 milia
540 942 691 1011 praeterea
704 933 893 992 remediorum
906 949 943 991 ex
959 947 995 991 eo
1010 931 1125 991 animali

135 1017 376 1090 demonstrantur,
399 1017 472 1073 sicut
494 1015 656 1093 adparebit‚
682 1017 758 1093 quod
782 1016 914 1094 equidem
932 1016 1037 1091 miror,
1060 1033 1125 1074 cum

133 1097 208 1157 febri
222 1106 343 1173 negetur
359 1116 469 1158 carere.
490 1099 611 1176 amplior
626 1101 753 1178 potentia
767 1100 837 1158 ieris
852 1099 980 1157 eiusdem
995 1100 1125 1175 generis,
1136 1121 1158 1161 n

101 1204 119 1244 a,
131 1201 166 1237 ιιι
177 1181 255 1259 quod
266 1184 526 1242 numerosissimum
539 1201 606 1242 esse
618 1184 748 1257 diximus,
762 1182 816 1242 alia
825 1199 895 1241 voro
909 1190 937 1240 et
949 1182 1048 1241 hircis.
1066 1181 1124 1241 De·

132 1267 270 1324 mocritus
292 1265 442 1325 etiamnum
464 1267 584 1327 ellectus
606 1275 695 1343 auget
713 1268 774 1325 eius
794 1267 841 1342 qui
863 1264 1017 1340 singularis
1042 1274 1125 1325 natus

134 1349 179 1409 sit.
211 1350 275 1409 limo
292 1367 407 1428 quoque
424 1368 572 1429 caprarum
588 1350 616 1409 in
631 1359 715 1410 aceto
732 1350 855 1409 decocto
875 1348 954 1408 inlini
971 1349 1045 1407 ictus
1063 1366 1124 1407 ser-

132 1435 258 1511 pentium
273 1433 372 1511 placet
389 1443 417 1492 et
432 1434 559 1494 recentis
576 1436 673 1493 cinere
689 1435 717 1491 in
734 1434 810 1509 vino,
827 1441 913 1508 atque
924 1432 952 1489 iu
966 1440 1055 1490 totum
1072 1431 1124 1490 dil·

134 1517 236 1576 licilius
262 1533 328 1575 sese
357 1517 565 1593 recolligentes
589 1534 606 1576 a
632 1517 808 1594 serpentium
832 1516 889 1573 ictu
914 1516 941 1572 in
968 1515 1126 1592 caprilibus
1136 1535 1159 1575 ιι

92 1609 143 1664 154
153 1607 269 1676 optume
293 1600 508 1658 convalescunt.
535 1601 582 1677 qui
598 1601 747 1658 efficacius
762 1599 861 1658 volunt
876 1598 984 1656 mederi
1006 1601 1125 1658 occisae

135 1699 241 1759 caprae
258 1680 352 1740 alvom
368 1681 521 1740 dissectam
538 1700 600 1741 cum
614 1684 680 1742 limo
697 1684 771 1741 intus
792 1691 910 1759 reperto
926 1682 1047 1757 inligant
1068 1691 1125 1742 sta·

132 1765 192 1822 tim.
224 1764 270 1823 alii
287 1781 401 1823 carnem
416 1773 564 1824 recentem
578 1765 735 1826 haedorum
755 1766 813 1842 pilo
831 1764 946 1823 suihunt
962 1765 1125 1844 eodemque

133 1847 349 1924 nidoretugant
369 1850 522 1925 serpentis.
553 1857 666 1908 utuntur
681 1858 710 1907 et
726 1847 805 1926 pelle
828 1865 927 1907 eorum
948 1857 1068 1907 recente
1090 1848 1126 1909 ad

133 1931 250 2009 plagas,
274 1939 302 1991 et
320 1950 405 1990 carne
422 1941 451 1990 et
465 1933 530 1991 timo
548 1933 613 2009 equi
627 1934 655 1991 in
669 1949 741 2009 agro
756 1933 845 2010 pasti,
869 1932 991 2007 coagulo
1014 1931 1158 2010 leporisac

135 2033 171 2073 ex
189 2025 290 2089 aceto,
315 2018 676 2094 contraquc.scorpionem
698 2025 726 2074 et
746 2033 855 2074 murem
873 2033 1017 2074 araneum.
1049 2016 1127 2074 aiunt

92 2108 142 2162 155
154 2115 211 2156 non
226 2098 306 2156 feriri
322 2099 431 2175 leporis
449 2100 573 2175 coagulo
590 2109 755 2178 perunctos.
790 2115 806 2156 a
828 2100 983 2176 scorpione
1006 2116 1125 2176 percus·

134 2182 174 2238 sis
196 2180 289 2238 fimum
312 2198 417 2258 caprae
434 2181 582 2240 eilicacius
605 2200 668 2241 curn
690 2190 773 2240 aceto
792 2181 942 2240 decoctum
964 2181 1125 2257 auxiliatur,

133 2262 240 2323 lardum
258 2264 360 2339 iusque
376 2264 490 2322 decocti
505 2274 603 2341 potum
620 2264 707 2324 ethis
725 2265 772 2341 qui
792 2264 951 2342 buprestim
967 2264 1124 2324 hauserint.

134 2347 300 2423 quinetiam
316 2346 417 2423 siquis
439 2349 519 2406 asino
535 2349 561 2405 in
578 2365 675 2407 aurem
693 2365 862 2426 percussum
878 2366 893 2406 a
910 2349 1070 2425 scorpione
1090 2364 1157 2407 sena

134 2429 225 2505 dicat,
252 2431 375 2489 transire
396 2431 498 2490 malum
516 2434 644 2508 protinus
660 2431 789 2505 tradunt,
814 2440 1014 2508 venenataque
1031 2434 1126 2492 omnia

134 2531 260 2572 accenso
277 2514 411 2592 pulmone
429 2516 489 2573 eius
505 2516 616 2591 fugere.
646 2516 752 2574 etlimo
767 2515 846 2573 vituli
862 2514 951 2574 suffiri
966 2532 1126 2592 percussos

133 2614 149 2655 a
166 2599 322 2675 scorpione
339 2599 468 2674 prodest.

92 2688 142 2741 156
206 2680 289 2759 (43.)
313 2679 398 2739 Canis
414 2681 521 2740 rabiosi
537 2698 633 2741 morsu
650 2681 724 2740 lacta
739 2680 858 2740 volnera
871 2681 1077 2740 circumcidunt
1090 2681 1125 2742 ad

133 2762 214 2819 vivas
229 2781 320 2841 usque
336 2765 424 2842 partis
440 2765 553 2841 quidam
568 2782 740 2841 carnemque
756 2763 836 2823 uituli
858 2765 1012 2824 admovent
1032 2774 1062 2824 et
1082 2765 1160 2825 iusso

134 2860 171 2901 ex
187 2845 288 2903 eodem
304 2849 397 2905 camis
413 2847 555 2906 decoctae
566 2844 633 2904 dant
650 2848 729 2924 potui
742 2857 788 2906 aut
803 2849 954 2924 axungiam
966 2865 1029 2906 cum
1042 2849 1126 2908 calce

133 2935 252 2985 tunsam.
286 2928 359 2986 hirei
377 2930 468 3003 iocur,
485 2946 542 3006 quo
558 2931 684 3006 inposito
703 2948 738 2988 nc
753 2932 885 3008 temptari
901 2931 1014 3008 quidem
1032 2948 1126 3009 aquae

132 3019 208 3068 metu
224 3009 381 3087 adfirmant,
396 3011 511 3071 laudant
529 3021 558 3071 et
574 3029 680 3089 caprae
697 3014 788 3072 dmum
805 3031 841 3072 ex
852 3015 917 3073 vino
933 3015 1051 3090 inlitum,
1067 3034 1125 3075 me-

133 3093 169 3151 lis
185 3103 213 3152 et
228 3094 322 3153 cuculi
347 3103 375 3153 et
390 3094 545 3154 hirundinis
568 3094 719 3156 decoctum
745 3107 773 3156 ot
794 3106 901 3174 potum.
935 3097 971 3156 ad
992 3097 1125 3175 reliquos

132 3175 286 3236 bestiarum
303 3196 415 3238 morsus
435 3179 580 3256 caprinum
599 3197 713 3239 caseum
729 3182 837 3240 siccum
862 3198 926 3239 cum
945 3181 1067 3256 origano
1084 3184 1159 3242 iu-an

134 3270 242 3338 ponunt
267 3272 296 3321 et
319 3261 377 3321 bibi
402 3262 515 3339 iubent,
542 3261 579 3322 ad
605 3260 726 3323 hominis
752 3282 865 3323 morsus
891 3282 1006 3323 carnem
1032 3263 1125 3325 bubu-

131 3343 187 3485 larp
215 3355 341 3422 coctam,
374 3345 520 3406 efficacius
547 3346 644 3421 vituli,
671 3350 696 3407 si
721 3356 865 3407 nonanto
894 3348 1020 3424 quintum
1047 3347 1125 3408 diem
1195 3426 1198 3435 Ι

132 3443 166 3485 so
179 3436 255 3487 rant.
