2400 3840
148 174 189 237 24
514 185 543 234 c.
561 183 658 233 aurat
676 182 827 232 succum

148 351 195 402 tur
219 349 250 403 et
274 342 346 404 folia
361 359 425 402 cum
440 357 527 419 pomo
546 339 581 400 ad
600 339 720 400 eosdem
738 356 815 398 usus.
847 339 976 417 pirorum
990 337 1061 414 ligni
1079 338 1154 399 ciuis

148 433 250 485 contra
265 427 372 504 fungos
388 427 542 486 etiamnum
557 423 704 484 efficacius
722 422 845 502 proiicit.
874 419 949 482 hiala
969 423 1091 500 piraque
1112 424 1155 482 iu·

147 511 252 570 mentis
267 518 384 589 portatu
394 511 466 568 mire
479 509 579 585 gravia
589 516 656 568 sunt
666 506 715 568 vel
726 523 824 586 pauca.
841 505 972 566 remedio
983 504 1062 565 aiunt
1073 524 1155 583 esse,

148 596 173 652 si
195 596 276 672 prius
295 592 406 655 edenda
421 592 525 653 deutur
540 592 635 669 aliqua
649 599 697 652 aut
712 592 811 670 utiquc
828 589 1025 650 ostendantur.

108 687 156 742 117
219 676 301 757 (63)
340 677 401 737 Fici
428 694 513 737 sucus
542 674 653 736 lacteus
676 677 751 735 aceti
774 683 901 734 naturam
924 674 1029 750 habet,
1055 675 1179 752 itaques

149 760 265 837 coaguli
280 761 368 822 modo
384 760 430 821 lac
445 759 596 821 contrahit.
625 761 768 838 excipitur
788 767 854 817 ante
868 759 1061 818 maturitatem
1075 759 1154 836 pomi

149 853 180 904 et
200 847 230 904 in
256 844 355 905 umbra
375 847 499 905 siccatur
521 845 557 903 ad
572 842 729 922 aperienda
744 842 860 919 ulcera,
887 842 989 902 cienda
1006 849 1155 902 menstrua

150 928 286 1006 adpositu
303 947 366 988 eum
381 929 463 989 luteo
478 930 526 988 cvi
543 936 591 986 aut
605 935 676 1006 potu
690 945 754 987 cum
771 925 874 1003 amplo.
906 925 1046 1004 podagris
1061 925 1155 985 inlini-

151 1019 197 1071 tur
221 1029 285 1071 cum
306 1014 398 1071 farina
414 1011 517 1073 Graeci
539 1013 598 1071 feni
619 1020 649 1071 et
668 1019 762 1072 aceto.
799 1010 876 1089 pilos
895 1027 1012 1088 qnoque
1028 1008 1155 1069 detrahit

150 1093 413 1173 palpebrarumque
438 1095 566 1155 scabiem
584 1095 731 1171 emendat,
756 1096 826 1155 item
844 1093 973 1154 lichenas
991 1100 1021 1153 et
1039 1109 1154 1172 psoras,
1165 1107 1189 1148 m

109 1178 268 1244 ursalvnm
294 1179 391 1240 solvit.
435 1179 518 1239 lactis
544 1178 639 1239 ficulni
664 1187 765 1239 natura
789 1179 960 1238 adversatur
982 1177 1155 1236 crabronum

150 1279 363 1342 vesparumque
376 1273 406 1325 et
418 1264 551 1324 similium
562 1265 695 1339 venenis,
711 1264 843 1341 privatim
857 1262 1050 1340 scorpionum.
1079 1259 1156 1320 idem

152 1363 215 1405 cum
237 1349 361 1425 axungia
382 1365 520 1408 verrucas
542 1347 627 1409 tollit.
667 1346 738 1407 folia
761 1354 791 1405 et
814 1364 889 1424 quae
910 1363 968 1405 non
988 1352 1155 1404 maturuere

151 1431 198 1490 fici
222 1433 338 1491 strumis
363 1432 519 1493 inlinuntur
537 1430 728 1509 omnibusque
744 1448 818 1507 quae
836 1428 1009 1490 emollienda
1024 1430 1082 1488 siut
1099 1427 1156 1488 dis-

152 1516 333 1575 cutiendave.
365 1523 514 1595 praestant
538 1516 595 1575 hoc
623 1523 653 1575 et
677 1533 732 1593 per
757 1533 790 1574 se
819 1513 896 1574 folia.
930 1522 961 1573 et
984 1512 1057 1573 alius
1083 1528 1153 1574 usus
1166 1529 1191 1570 1⁵

152 1615 253 1658 eorum
274 1600 304 1658 iu
332 1600 462 1659 fricando
486 1598 602 1659 lichene
623 1605 652 1659 et
673 1597 814 1677 alopeciis
834 1606 865 1658 et
888 1613 1085 1676 quaecumque
1106 1613 1157 1655 ex-

73 1704 75 1707 ·
110 1692 160 1745 119
174 1680 298 1741 ulcerari
315 1699 388 1760 opus
404 1684 449 1742 sit.
478 1691 508 1743 et
524 1684 664 1742 adversus
679 1684 758 1741 canis
773 1699 886 1741 morsus
904 1698 1046 1741 ramorum
1061 1681 1156 1739 teneri

151 1764 284 1824 cauliculi
309 1768 366 1825 cuti
389 1768 570 1844 inponuntur.
604 1765 692 1825 iidem
716 1783 779 1825 cum
801 1764 889 1825 melle
913 1764 1061 1825 ulceribus
1082 1781 1157 1840 quae

152 1850 231 1909 ceria
247 1857 389 1909 vocantur
406 1850 570 1909 inlinuntur.
601 1849 754 1910 extrahunt
769 1850 890 1909 infracta
909 1866 976 1909 ossa
992 1866 1055 1908 cum
1070 1864 1158 1926 papa·

152 1933 232 1991 veris
253 1932 399 1994 silvestris
422 1934 520 2011 foliis,
545 1951 644 1994 cauum
667 1933 851 1993 rabiosorum
864 1937 980 1993 morsus
994 1931 1067 1992 folio
1085 1933 1156 1991 trito
1165 1951 1192 1991 aa

153 2033 191 2100 ex
207 2025 291 2076 aceto
310 2018 482 2095 restingunt.
518 2038 534 2079 e
553 2020 635 2096 nigra
653 2017 708 2077 hou
724 2015 834 2077 candidi
850 2015 982 2076 cauliculi
998 2014 1157 2075 inlinuntur

153 2099 328 2178 furunculis,
354 2104 442 2161 muris
466 2104 563 2162 aranei
585 2102 730 2162 morsibus
753 2119 816 2161 cum
837 2119 913 2161 cera.
963 2101 1035 2160 ciuis
1058 2115 1157 2158 earum

111 2192 162 2245 lto
183 2202 199 2243 e
223 2185 302 2245 foliis
327 2187 501 2263 gangraenis
524 2186 784 2264 consumendisque
800 2202 874 2264 quae
895 2189 1076 2246 excrescunt.
1110 2181 1157 2242 lici

153 2276 280 2328 maturae
298 2272 408 2329 urinam
428 2271 523 2346 cient,
545 2269 639 2330 alvom
662 2270 780 2330 solvont
787 2312 797 2347 ,
821 2269 958 2332 sudorem
973 2274 1092 2330 movent
1107 2283 1157 2345 pa·

153 2350 303 2428 pulasquc.
335 2352 372 2413 ob
389 2353 417 2413 id
435 2353 766 2429 autumuofnsalubrcs,
782 2355 915 2430 quoniam
930 2353 1059 2414 sudantia
1072 2350 1193 2412 huiusat

154 2434 210 2493 cibi
227 2451 318 2513 opera
333 2454 458 2516 corpora
473 2438 699 2518 perfrigescunt.
739 2456 793 2498 uec
808 2437 958 2499 stomacho
976 2436 1080 2514 utiles,
1104 2436 1157 2496 sed

153 2517 188 2578 ad
205 2518 297 2579 breve
313 2528 443 2599 tempus,
469 2531 499 2583 et
513 2526 578 2583 voci
597 2523 761 2583 contrariae
777 2521 995 2600 intelleguntur.
1033 2521 1158 2582 novissi·

152 2621 216 2663 maa
236 2602 416 2665 salubriores
435 2624 518 2684 quam
530 2609 657 2686 primae,
671 2605 831 2666 medicatae
846 2623 920 2666 vero
937 2623 1095 2682 numquam.
1115 2605 1158 2663 iu·

154 2705 259 2746 venum
279 2690 350 2748 viris
377 2698 501 2767 augent,
531 2692 649 2751 senibus
672 2689 823 2751 meliorem
845 2689 1031 2750 valitudinem
1049 2689 1158 2748 faciunt

152 2770 304 2846 minusque
327 2790 469 2849 uirgarum.
509 2775 586 2833 sitim
605 2773 723 2850 sedant,
751 2774 881 2834 calorem
894 2775 1089 2851 refrigerant,
1117 2771 1194 2831 abac

153 2850 183 2911 id
203 2869 262 2910 uon
278 2854 428 2930 negandae
447 2857 476 2915 in
491 2856 622 2916 febribus
639 2859 805 2918 constrictis
820 2876 892 2936 quas
907 2865 1026 2934 stegnas
1042 2862 1157 2916 vocant.

112 2946 161 3000 121
179 2936 276 2995 siccae
292 2938 338 2996 fici
355 2938 532 2998 stomachum
547 2939 674 3016 laedunt,
690 2943 799 3018 gutturi
817 2951 847 3002 et
861 2941 992 3001 faucibus
1006 2939 1159 3018 magnifice

154 3018 252 3079 utiles.
284 3029 385 3081 natura
402 3022 447 3081 his
467 3022 685 3087 excalfaciendi.
711 3026 788 3084 sitim
806 3025 956 3102 adferunt,
978 3022 1073 3085 alvom
1087 3021 1159 3083 mol·

155 3102 243 3180 liunt,
274 3104 484 3166 rheumatismis
513 3109 575 3168 eius
603 3116 633 3168 et
655 3108 805 3168 stomacho
827 3111 1000 3171 contrariae.
1040 3107 1159 3176 vesicae

155 3205 272 3266 semper
286 3188 374 3250 utiles
391 3197 422 3250 et
434 3189 650 3251 anhelatoribus
666 3209 699 3252 ac
715 3194 895 3271 suspiriosis,
908 3184 977 3252 item
988 3193 1192 3268 iocinerum‚ss

154 3274 282 3349 renium,
308 3274 414 3333 lienum
429 3276 517 3335 vitiis.
548 3292 655 3355 corpus
677 3283 707 3336 et
728 3277 799 3336 viris
818 3276 967 3352 adiuvant,
995 3275 1033 3338 ob
1049 3274 1078 3335 id
1090 3282 1159 3335 ante

155 3354 282 3417 athletae
306 3357 450 3442 hoccibo
472 3359 681 3438 pascebantur,
704 3359 884 3438 Pythagoras
903 3362 1081 3421 exercitator
1100 3360 1159 3437 pri·

115 3449 165 3502 tat
176 3456 238 3498 mus
252 3440 287 3501 ad
301 3444 396 3503 carnis
413 3460 466 3503 eos
487 3442 639 3503 transtulit.
672 3443 857 3520 recolligenti
876 3464 909 3506 se
924 3462 940 3504 a
954 3443 1042 3520 longa
1057 3443 1160 3503 valitu-
