<?xml version="1.0" encoding="UTF-8"?>
<!DOCTYPE html PUBLIC "-//W3C//DTD XHTML 1.0 Transitional//EN"
    "http://www.w3.org/TR/xhtml1/DTD/xhtml1-transitional.dtd">
<html xmlns="http://www.w3.org/1999/xhtml" xml:lang="en" lang="en">
 <head>
  <title>
</title>
<meta http-equiv="Content-Type" content="text/html;charset=utf-8" />
  <meta name='ocr-system' content='tesseract 3.04.00' />
  <meta name='ocr-capabilities' content='ocr_page ocr_carea ocr_par ocr_line ocrx_word'/>
</head>
<body>
  <div class='ocr_page' id='page_1' title='image "./cplinisecundina06plingoog_0222.png"; bbox 0 0 2400 3840; ppageno 0'>
   <div class='ocr_carea' id='block_1_1' title="bbox 287 193 1075 274">
    <p class='ocr_par' dir='ltr' id='par_1_1' title="bbox 287 193 1075 274">
     <span class='ocr_line' id='line_1_1' title="bbox 287 193 1075 274; baseline 0.001 -20"><span class='ocrx_word' id='word_1_1' title='bbox 287 207 365 254; x_wconf 79' lang='lat' dir='ltr'><strong>nnn.</strong></span> <span class='ocrx_word' id='word_1_2' title='bbox 381 205 471 256; x_wconf 81' lang='lat' dir='ltr'><strong>mss.</strong></span> <span class='ocrx_word' id='word_1_3' title='bbox 488 202 598 256; x_wconf 73' lang='lat' dir='ltr'><strong>x&#39;xvm.</strong></span> <span class='ocrx_word' id='word_1_4' title='bbox 616 203 660 258; x_wconf 86' lang='grc' dir='ltr'><strong>ιι.</strong></span> <span class='ocrx_word' id='word_1_5' title='bbox 674 202 716 256; x_wconf 81' lang='lat' dir='ltr'><strong>la.</strong></span> <span class='ocrx_word' id='word_1_6' title='bbox 733 193 881 274; x_wconf 82' lang='lat' dir='ltr'><strong>(tl-80.)</strong></span> <span class='ocrx_word' id='word_1_7' title='bbox 1015 195 1075 256; x_wconf 76' lang='lat'><strong>147</strong></span> 
     </span>
    </p>
   </div>
   <div class='ocr_carea' id='block_1_2' title="bbox 25 359 1165 3440">
    <p class='ocr_par' dir='ltr' id='par_1_2' title="bbox 85 359 1117 696">
     <span class='ocr_line' id='line_1_2' title="bbox 86 359 1074 440; baseline -0.003 -14"><span class='ocrx_word' id='word_1_8' title='bbox 86 382 196 426; x_wconf 90' lang='lat' dir='ltr'><strong>canum.</strong></span> <span class='ocrx_word' id='word_1_9' title='bbox 225 362 273 423; x_wconf 87' lang='lat' dir='ltr'><strong>loc</strong></span> <span class='ocrx_word' id='word_1_10' title='bbox 287 361 406 422; x_wconf 79' lang='lat' dir='ltr'><strong>fricetur</strong></span> <span class='ocrx_word' id='word_1_11' title='bbox 421 361 515 422; x_wconf 91' lang='lat' dir='ltr'><strong>altero</strong></span> <span class='ocrx_word' id='word_1_12' title='bbox 538 361 635 440; x_wconf 90' lang='lat' dir='ltr'><strong>lapide</strong></span> <span class='ocrx_word' id='word_1_13' title='bbox 653 359 748 421; x_wconf 87' lang='lat' dir='ltr'><strong>addita</strong></span> <span class='ocrx_word' id='word_1_14' title='bbox 762 359 885 422; x_wconf 88' lang='lat' dir='ltr'><strong>bominis</strong></span> <span class='ocrx_word' id='word_1_15' title='bbox 900 361 1006 439; x_wconf 83' lang='lat' dir='ltr'><strong>saliva,</strong></span> <span class='ocrx_word' id='word_1_16' title='bbox 1023 361 1074 423; x_wconf 93' lang='lat' dir='ltr'><strong>illo</strong></span> 
     </span>
     <span class='ocr_line' id='line_1_3' title="bbox 85 444 778 527; baseline -0.006 -18"><span class='ocrx_word' id='word_1_17' title='bbox 85 449 182 527; x_wconf 90' lang='lat' dir='ltr'><strong>lapide</strong></span> <span class='ocrx_word' id='word_1_18' title='bbox 201 447 327 522; x_wconf 74' lang='lat' dir='ltr'><strong>tangitur</strong></span> <span class='ocrx_word' id='word_1_19' title='bbox 343 446 491 524; x_wconf 85' lang='lat' dir='ltr'><strong>impetigo.</strong></span> <span class='ocrx_word' id='word_1_20' title='bbox 524 447 572 524; x_wconf 82' lang='lat' dir='ltr'><strong>qui</strong></span> <span class='ocrx_word' id='word_1_21' title='bbox 586 445 677 522; x_wconf 77' lang='lat' dir='ltr'><strong>tangit</strong></span> <span class='ocrx_word' id='word_1_22' title='bbox 694 444 778 506; x_wconf 92' lang='lat' dir='ltr'><strong>dicit:</strong></span> 
     </span>
     <span class='ocr_line' id='line_1_4' title="bbox 174 513 1032 610; baseline -0.002 -20"><span class='ocrx_word' id='word_1_23' title='bbox 174 521 316 610; x_wconf 82' lang='grc' dir='ltr'><em>φεύγετε</em></span> <span class='ocrx_word' id='word_1_24' title='bbox 332 525 542 607; x_wconf 73' lang='grc' dir='ltr'><strong><em>κανθαρίδες,</em></strong></span> <span class='ocrx_word' id='word_1_25' title='bbox 560 520 663 599; x_wconf 78' lang='grc' dir='ltr'><strong><em>λύκος</em></strong></span> <span class='ocrx_word' id='word_1_26' title='bbox 678 516 793 606; x_wconf 75' lang='grc' dir='ltr'><em>ἄγριος</em></span> <span class='ocrx_word' id='word_1_27' title='bbox 812 513 892 607; x_wconf 72' lang='lat' dir='ltr'><strong>nlpsc</strong></span> <span class='ocrx_word' id='word_1_28' title='bbox 908 519 1032 591; x_wconf 69' lang='lat' dir='ltr'><strong>deduc.</strong></span> 
     </span>
     <span class='ocr_line' id='line_1_5' title="bbox 149 611 1117 696; baseline 0.003 -22"><span class='ocrx_word' id='word_1_29' title='bbox 149 615 234 696; x_wconf 83' lang='grc'>(76.)</span> <span class='ocrx_word' id='word_1_30' title='bbox 255 614 380 674; x_wconf 80' lang='lat' dir='ltr'><strong>limeum</strong></span> <span class='ocrx_word' id='word_1_31' title='bbox 395 612 485 672; x_wconf 84' lang='lat' dir='ltr'><strong>herba</strong></span> <span class='ocrx_word' id='word_1_32' title='bbox 500 613 663 691; x_wconf 89' lang='lat' dir='ltr'><strong>appellator</strong></span> <span class='ocrx_word' id='word_1_33' title='bbox 679 628 695 670; x_wconf 94' lang='lat' dir='ltr'><strong>a</strong></span> <span class='ocrx_word' id='word_1_34' title='bbox 711 611 800 672; x_wconf 79' lang='lat' dir='ltr'><strong>Gallis</strong></span> <span class='ocrx_word' id='word_1_35' title='bbox 816 628 872 690; x_wconf 83' lang='lat' dir='ltr'><strong>qna</strong></span> <span class='ocrx_word' id='word_1_36' title='bbox 886 614 1007 688; x_wconf 72' lang='lat' dir='ltr'><strong>sagittas</strong></span> <span class='ocrx_word' id='word_1_37' title='bbox 1028 613 1057 672; x_wconf 87' lang='lat' dir='ltr'><strong>in</strong></span> <span class='ocrx_word' id='word_1_38' title='bbox 1067 623 1117 676; x_wconf 86' lang='lat'><strong>101</strong></span> 
     </span>
    </p>

    <p class='ocr_par' dir='ltr' id='par_1_3' title="bbox 60 693 1124 1108">
     <span class='ocr_line' id='line_1_6' title="bbox 60 693 1074 775; baseline -0.004 -18"><span class='ocrx_word' id='word_1_39' title='bbox 60 719 73 757; x_wconf 80' lang='lat' dir='ltr'><strong>e</strong></span> <span class='ocrx_word' id='word_1_40' title='bbox 86 707 192 760; x_wconf 89' lang='lat' dir='ltr'><strong>venatu</strong></span> <span class='ocrx_word' id='word_1_41' title='bbox 206 699 317 775; x_wconf 84' lang='lat' dir='ltr'><strong>tingunt</strong></span> <span class='ocrx_word' id='word_1_42' title='bbox 327 695 547 774; x_wconf 86' lang='lat' dir='ltr'><strong>medicamento,</strong></span> <span class='ocrx_word' id='word_1_43' title='bbox 560 693 783 774; x_wconf 81' lang='lat' dir='ltr'><strong>quodreoeo&#39;om</strong></span> <span class='ocrx_word' id='word_1_44' title='bbox 793 696 1074 757; x_wconf 82' lang='lat' dir='ltr'><strong>cervariamvocant.</strong></span> 
     </span>
     <span class='ocr_line' id='line_1_7' title="bbox 86 778 1124 858; baseline -0.005 -16"><span class='ocrx_word' id='word_1_45' title='bbox 86 801 124 842; x_wconf 84' lang='lat' dir='ltr'><strong>ex</strong></span> <span class='ocrx_word' id='word_1_46' title='bbox 138 782 193 842; x_wconf 88' lang='lat' dir='ltr'><strong>hac</strong></span> <span class='ocrx_word' id='word_1_47' title='bbox 209 783 237 840; x_wconf 89' lang='lat' dir='ltr'><strong>in</strong></span> <span class='ocrx_word' id='word_1_48' title='bbox 248 783 301 840; x_wconf 91' lang='lat' dir='ltr'><strong>tris</strong></span> <span class='ocrx_word' id='word_1_49' title='bbox 315 778 428 840; x_wconf 91' lang='lat' dir='ltr'><strong>modios</strong></span> <span class='ocrx_word' id='word_1_50' title='bbox 444 779 557 840; x_wconf 84' lang='lat' dir='ltr'><strong>salivati</strong></span> <span class='ocrx_word' id='word_1_51' title='bbox 571 779 683 840; x_wconf 78' lang='lat' dir='ltr'><strong>additur</strong></span> <span class='ocrx_word' id='word_1_52' title='bbox 696 781 833 858; x_wconf 81' lang='lat' dir='ltr'><strong>qnantum</strong></span> <span class='ocrx_word' id='word_1_53' title='bbox 846 779 874 838; x_wconf 90' lang='lat' dir='ltr'><strong>in</strong></span> <span class='ocrx_word' id='word_1_54' title='bbox 888 796 974 841; x_wconf 88' lang='lat' dir='ltr'><strong>unam</strong></span> <span class='ocrx_word' id='word_1_55' title='bbox 988 781 1076 857; x_wconf 86' lang='lat' dir='ltr'><strong>sagit·</strong></span> <span class='ocrx_word' id='word_1_56' title='bbox 1121 832 1124 837; x_wconf 91' lang='lat'>.</span> 
     </span>
     <span class='ocr_line' id='line_1_8' title="bbox 84 862 1075 940; baseline -0.003 -15"><span class='ocrx_word' id='word_1_57' title='bbox 84 875 142 927; x_wconf 91' lang='lat' dir='ltr'><strong>tam</strong></span> <span class='ocrx_word' id='word_1_58' title='bbox 157 864 222 926; x_wconf 92' lang='lat' dir='ltr'><strong>addi</strong></span> <span class='ocrx_word' id='word_1_59' title='bbox 236 865 328 940; x_wconf 84' lang='lat' dir='ltr'><strong>solet,</strong></span> <span class='ocrx_word' id='word_1_60' title='bbox 352 865 390 924; x_wconf 89' lang='lat' dir='ltr'><strong>ita</strong></span> <span class='ocrx_word' id='word_1_61' title='bbox 413 863 471 924; x_wconf 85' lang='lat' dir='ltr'><strong>oiia</strong></span> <span class='ocrx_word' id='word_1_62' title='bbox 490 862 645 923; x_wconf 78' lang='lat' dir='ltr'><strong>demittitur</strong></span> <span class='ocrx_word' id='word_1_63' title='bbox 660 862 747 924; x_wconf 87' lang='lat' dir='ltr'><strong>bourn</strong></span> <span class='ocrx_word' id='word_1_64' title='bbox 761 863 893 924; x_wconf 87' lang='lat' dir='ltr'><strong>lancibus</strong></span> <span class='ocrx_word' id='word_1_65' title='bbox 912 865 942 923; x_wconf 89' lang='lat' dir='ltr'><strong>in</strong></span> <span class='ocrx_word' id='word_1_66' title='bbox 955 863 1075 923; x_wconf 89' lang='lat' dir='ltr'><strong>morbis.</strong></span> 
     </span>
     <span class='ocr_line' id='line_1_9' title="bbox 85 944 1076 1026; baseline -0.004 -17"><span class='ocrx_word' id='word_1_67' title='bbox 85 949 207 1026; x_wconf 90' lang='lat' dir='ltr'><strong>adligari</strong></span> <span class='ocrx_word' id='word_1_68' title='bbox 224 957 328 1025; x_wconf 86' lang='lat' dir='ltr'><strong>postea</strong></span> <span class='ocrx_word' id='word_1_69' title='bbox 349 944 385 1008; x_wconf 89' lang='lat' dir='ltr'><strong>ad</strong></span> <span class='ocrx_word' id='word_1_70' title='bbox 399 947 555 1025; x_wconf 85' lang='lat' dir='ltr'><strong>praesepia</strong></span> <span class='ocrx_word' id='word_1_71' title='bbox 570 956 703 1025; x_wconf 81' lang='lat' dir='ltr'><strong>oportet,</strong></span> <span class='ocrx_word' id='word_1_72' title='bbox 724 947 820 1008; x_wconf 89' lang='lat' dir='ltr'><strong>donec</strong></span> <span class='ocrx_word' id='word_1_73' title='bbox 839 947 1016 1026; x_wconf 76' lang='lat' dir='ltr'><strong>purgentur,</strong></span> <span class='ocrx_word' id='word_1_74' title='bbox 1033 980 1076 993; x_wconf 89' lang='lat'><strong>--</strong></span> 
     </span>
     <span class='ocr_line' id='line_1_10' title="bbox 84 1029 1076 1108; baseline -0.002 -16"><span class='ocrx_word' id='word_1_75' title='bbox 84 1035 210 1093; x_wconf 90' lang='lat' dir='ltr'><strong>insanire</strong></span> <span class='ocrx_word' id='word_1_76' title='bbox 226 1034 301 1092; x_wconf 85' lang='lat' dir='ltr'><strong>enim</strong></span> <span class='ocrx_word' id='word_1_77' title='bbox 322 1030 432 1106; x_wconf 88' lang='lat' dir='ltr'><strong>solent,</strong></span> <span class='ocrx_word' id='word_1_78' title='bbox 454 1032 540 1090; x_wconf 89' lang='lat' dir='ltr'><strong>—si</strong></span> <span class='ocrx_word' id='word_1_79' title='bbox 561 1029 649 1090; x_wconf 90' lang='lat' dir='ltr'><strong>sudor</strong></span> <span class='ocrx_word' id='word_1_80' title='bbox 668 1031 840 1108; x_wconf 81' lang='lat' dir='ltr'><strong>insequitur,</strong></span> <span class='ocrx_word' id='word_1_81' title='bbox 871 1047 945 1108; x_wconf 88' lang='lat' dir='ltr'><strong>aqua</strong></span> <span class='ocrx_word' id='word_1_82' title='bbox 970 1029 1076 1107; x_wconf 88' lang='lat' dir='ltr'><strong>lrigida</strong></span> 
     </span>
    </p>

    <p class='ocr_par' dir='ltr' id='par_1_4' title="bbox 50 1116 227 1176">
     <span class='ocr_line' id='line_1_11' title="bbox 50 1116 227 1176; baseline -0.006 -1"><span class='ocrx_word' id='word_1_83' title='bbox 50 1134 75 1175; x_wconf 82' lang='lat' dir='ltr'><strong>ro</strong></span> <span class='ocrx_word' id='word_1_84' title='bbox 107 1116 227 1176; x_wconf 84' lang='lat' dir='ltr'><strong>oriundi.</strong></span> 
     </span>
    </p>

    <p class='ocr_par' dir='ltr' id='par_1_5' title="bbox 85 1136 1123 1524">
     <span class='ocr_line' id='line_1_12' title="bbox 87 1136 1123 1278; baseline 0 -18"><span class='ocrx_word' id='word_1_85' title='bbox 87 1136 105 1196; x_wconf 70' lang='lat' dir='ltr'><strong>p</strong></span> <span class='ocrx_word' id='word_1_86' title='bbox 149 1199 233 1278; x_wconf 86' lang='grc'>(77.)</span> <span class='ocrx_word' id='word_1_87' title='bbox 255 1198 352 1258; x_wconf 75' lang='lat' dir='ltr'><strong>hence</strong></span> <span class='ocrx_word' id='word_1_88' title='bbox 359 1195 541 1258; x_wconf 76' lang='lat' dir='ltr'><strong>Mercurialis</strong></span> <span class='ocrx_word' id='word_1_89' title='bbox 553 1194 654 1254; x_wconf 90' lang='lat' dir='ltr'><strong>similis</strong></span> <span class='ocrx_word' id='word_1_90' title='bbox 668 1212 772 1255; x_wconf 89' lang='lat' dir='ltr'><strong>nomen</strong></span> <span class='ocrx_word' id='word_1_91' title='bbox 786 1215 823 1254; x_wconf 81' lang='lat' dir='ltr'><strong>en</strong></span> <span class='ocrx_word' id='word_1_92' title='bbox 837 1213 923 1257; x_wconf 88' lang='lat' dir='ltr'><strong>cansa</strong></span> <span class='ocrx_word' id='word_1_93' title='bbox 935 1198 1057 1276; x_wconf 90' lang='lat' dir='ltr'><strong>accepit,</strong></span> <span class='ocrx_word' id='word_1_94' title='bbox 1069 1206 1123 1260; x_wconf 70' lang='lat' dir='ltr'><strong>itti</strong></span> 
     </span>
     <span class='ocr_line' id='line_1_13' title="bbox 85 1277 1076 1362; baseline -0.002 -20"><span class='ocrx_word' id='word_1_95' title='bbox 85 1301 140 1362; x_wconf 92' lang='lat' dir='ltr'><strong>per</strong></span> <span class='ocrx_word' id='word_1_96' title='bbox 156 1282 278 1341; x_wconf 91' lang='lat' dir='ltr'><strong>medium</strong></span> <span class='ocrx_word' id='word_1_97' title='bbox 295 1280 395 1340; x_wconf 88' lang='lat' dir='ltr'><strong>lolium</strong></span> <span class='ocrx_word' id='word_1_98' title='bbox 411 1277 531 1339; x_wconf 90' lang='lat' dir='ltr'><strong>candida</strong></span> <span class='ocrx_word' id='word_1_99' title='bbox 546 1278 614 1338; x_wconf 89' lang='lat' dir='ltr'><strong>linia</strong></span> <span class='ocrx_word' id='word_1_100' title='bbox 627 1286 859 1354; x_wconf 76' lang='lat' dir='ltr'><strong>transcurrente,</strong></span> <span class='ocrx_word' id='word_1_101' title='bbox 876 1296 965 1356; x_wconf 86' lang='lat' dir='ltr'><strong>quare</strong></span> <span class='ocrx_word' id='word_1_102' title='bbox 981 1297 1076 1340; x_wconf 89' lang='lat' dir='ltr'><strong>meso·</strong></span> 
     </span>
     <span class='ocr_line' id='line_1_14' title="bbox 85 1360 1076 1442; baseline -0.003 -17"><span class='ocrx_word' id='word_1_103' title='bbox 85 1367 190 1426; x_wconf 90' lang='lat' dir='ltr'><strong>leucon</strong></span> <span class='ocrx_word' id='word_1_104' title='bbox 209 1363 323 1442; x_wconf 88' lang='lat' dir='ltr'><strong>quidam</strong></span> <span class='ocrx_word' id='word_1_105' title='bbox 336 1370 452 1422; x_wconf 81' lang='lat' dir='ltr'><strong>nocant.</strong></span> <span class='ocrx_word' id='word_1_106' title='bbox 481 1379 568 1420; x_wconf 90' lang='lat' dir='ltr'><strong>sucus</strong></span> <span class='ocrx_word' id='word_1_107' title='bbox 589 1362 652 1419; x_wconf 91' lang='lat' dir='ltr'><strong>eius</strong></span> <span class='ocrx_word' id='word_1_108' title='bbox 675 1360 786 1420; x_wconf 88' lang='lat' dir='ltr'><strong>listulas</strong></span> <span class='ocrx_word' id='word_1_109' title='bbox 809 1370 907 1438; x_wconf 90' lang='lat' dir='ltr'><strong>sanat,</strong></span> <span class='ocrx_word' id='word_1_110' title='bbox 929 1364 991 1440; x_wconf 89' lang='lat' dir='ltr'><strong>ipsa</strong></span> <span class='ocrx_word' id='word_1_111' title='bbox 1008 1380 1076 1422; x_wconf 90' lang='lat' dir='ltr'><strong>con·</strong></span> 
     </span>
     <span class='ocr_line' id='line_1_15' title="bbox 85 1442 1076 1524; baseline -0.002 -18"><span class='ocrx_word' id='word_1_112' title='bbox 85 1451 150 1508; x_wconf 91' lang='lat' dir='ltr'><strong>trita</strong></span> <span class='ocrx_word' id='word_1_113' title='bbox 166 1449 368 1506; x_wconf 91' lang='lat' dir='ltr'><strong>carcinomata.</strong></span> <span class='ocrx_word' id='word_1_114' title='bbox 399 1446 533 1505; x_wconf 83' lang='lat' dir='ltr'><strong>fortassis</strong></span> <span class='ocrx_word' id='word_1_115' title='bbox 555 1442 655 1504; x_wconf 86' lang='lat' dir='ltr'><strong>eadem</strong></span> <span class='ocrx_word' id='word_1_116' title='bbox 677 1444 714 1502; x_wconf 93' lang='lat' dir='ltr'><strong>sit</strong></span> <span class='ocrx_word' id='word_1_117' title='bbox 731 1461 805 1523; x_wconf 84' lang='lat' dir='ltr'><strong>qnae</strong></span> <span class='ocrx_word' id='word_1_118' title='bbox 825 1443 924 1503; x_wconf 91' lang='lat' dir='ltr'><strong>leucas</strong></span> <span class='ocrx_word' id='word_1_119' title='bbox 945 1445 1076 1524; x_wconf 87' lang='lat' dir='ltr'><strong>appella·</strong></span> 
     </span>
    </p>

    <p class='ocr_par' dir='ltr' id='par_1_6' title="bbox 51 1526 1077 1772">
     <span class='ocr_line' id='line_1_16' title="bbox 51 1526 1076 1606; baseline 0.001 -20"><span class='ocrx_word' id='word_1_120' title='bbox 51 1546 75 1586; x_wconf 78' lang='lat' dir='ltr'><strong>is</strong></span> <span class='ocrx_word' id='word_1_121' title='bbox 85 1542 140 1605; x_wconf 92' lang='lat' dir='ltr'><strong>tur,</strong></span> <span class='ocrx_word' id='word_1_122' title='bbox 159 1539 258 1590; x_wconf 91' lang='lat' dir='ltr'><strong>contra</strong></span> <span class='ocrx_word' id='word_1_123' title='bbox 271 1531 380 1589; x_wconf 87' lang='lat' dir='ltr'><strong>marina</strong></span> <span class='ocrx_word' id='word_1_124' title='bbox 389 1528 484 1588; x_wconf 89' lang='lat' dir='ltr'><strong>omnia</strong></span> <span class='ocrx_word' id='word_1_125' title='bbox 496 1544 609 1587; x_wconf 82' lang='lat' dir='ltr'><strong>venena</strong></span> <span class='ocrx_word' id='word_1_126' title='bbox 625 1526 742 1587; x_wconf 84' lang='lat' dir='ltr'><strong>elllcax.</strong></span> <span class='ocrx_word' id='word_1_127' title='bbox 764 1529 892 1606; x_wconf 89' lang='lat' dir='ltr'><strong>speciem</strong></span> <span class='ocrx_word' id='word_1_128' title='bbox 901 1529 964 1587; x_wconf 86' lang='lat' dir='ltr'><strong>eiua</strong></span> <span class='ocrx_word' id='word_1_129' title='bbox 978 1535 1076 1588; x_wconf 88' lang='lat' dir='ltr'><strong>auoto-</strong></span> 
     </span>
     <span class='ocr_line' id='line_1_17' title="bbox 85 1610 1077 1689; baseline -0.004 -16"><span class='ocrx_word' id='word_1_130' title='bbox 85 1628 207 1673; x_wconf 83' lang='lat' dir='ltr'><strong>resnou</strong></span> <span class='ocrx_word' id='word_1_131' title='bbox 227 1613 356 1689; x_wconf 88' lang='lat' dir='ltr'><strong>tradunt,</strong></span> <span class='ocrx_word' id='word_1_132' title='bbox 379 1629 434 1672; x_wconf 87' lang='lat' dir='ltr'><strong>nee</strong></span> <span class='ocrx_word' id='word_1_133' title='bbox 455 1611 531 1671; x_wconf 90' lang='lat' dir='ltr'><strong>aliud</strong></span> <span class='ocrx_word' id='word_1_134' title='bbox 551 1627 635 1689; x_wconf 86' lang='lat' dir='ltr'><strong>quam</strong></span> <span class='ocrx_word' id='word_1_135' title='bbox 649 1610 814 1671; x_wconf 81' lang='lat' dir='ltr'><strong>silvestrem</strong></span> <span class='ocrx_word' id='word_1_136' title='bbox 827 1610 980 1673; x_wconf 88' lang='lat' dir='ltr'><strong>latioribus</strong></span> <span class='ocrx_word' id='word_1_137' title='bbox 995 1611 1077 1672; x_wconf 83' lang='lat' dir='ltr'><strong>loliis</strong></span> 
     </span>
     <span class='ocr_line' id='line_1_18' title="bbox 85 1693 729 1772; baseline -0.011 -14"><span class='ocrx_word' id='word_1_138' title='bbox 85 1716 153 1758; x_wconf 88' lang='lat' dir='ltr'><strong>esse</strong></span> <span class='ocrx_word' id='word_1_139' title='bbox 168 1696 375 1772; x_wconf 86' lang='lat' dir='ltr'><strong>eilicaclorem,</strong></span> <span class='ocrx_word' id='word_1_140' title='bbox 392 1695 466 1755; x_wconf 90' lang='lat' dir='ltr'><strong>hanc</strong></span> <span class='ocrx_word' id='word_1_141' title='bbox 481 1694 590 1754; x_wconf 90' lang='lat' dir='ltr'><strong>semine</strong></span> <span class='ocrx_word' id='word_1_142' title='bbox 606 1693 729 1754; x_wconf 90' lang='lat' dir='ltr'><strong>acriore.</strong></span> 
     </span>
    </p>

    <p class='ocr_par' dir='ltr' id='par_1_7' title="bbox 83 1775 1121 1942">
     <span class='ocr_line' id='line_1_19' title="bbox 147 1775 1121 1860; baseline 0.001 -19"><span class='ocrx_word' id='word_1_143' title='bbox 147 1781 231 1860; x_wconf 83' lang='lat'><strong>(78.)</strong></span> <span class='ocrx_word' id='word_1_144' title='bbox 254 1775 475 1857; x_wconf 78' lang='lat' dir='ltr'><strong>leucographis</strong></span> <span class='ocrx_word' id='word_1_145' title='bbox 494 1777 587 1856; x_wconf 85' lang='lat' dir='ltr'><strong>qualis</strong></span> <span class='ocrx_word' id='word_1_146' title='bbox 602 1785 682 1838; x_wconf 86' lang='lat' dir='ltr'><strong>esset</strong></span> <span class='ocrx_word' id='word_1_147' title='bbox 696 1779 833 1856; x_wconf 92' lang='lat' dir='ltr'><strong>scriptum</strong></span> <span class='ocrx_word' id='word_1_148' title='bbox 853 1796 911 1839; x_wconf 92' lang='lat' dir='ltr'><strong>non</strong></span> <span class='ocrx_word' id='word_1_149' title='bbox 926 1779 1055 1858; x_wconf 84' lang='lat' dir='ltr'><strong>repperi,</strong></span> <span class='ocrx_word' id='word_1_150' title='bbox 1069 1787 1121 1842; x_wconf 76' lang='lat'><strong>1⁰3</strong></span> 
     </span>
     <span class='ocr_line' id='line_1_20' title="bbox 83 1860 1075 1942; baseline -0.004 -18"><span class='ocrx_word' id='word_1_151' title='bbox 83 1864 160 1942; x_wconf 86' lang='lat' dir='ltr'><strong>quod</strong></span> <span class='ocrx_word' id='word_1_152' title='bbox 176 1881 213 1923; x_wconf 91' lang='lat' dir='ltr'><strong>eo</strong></span> <span class='ocrx_word' id='word_1_153' title='bbox 227 1864 321 1940; x_wconf 87' lang='lat' dir='ltr'><strong>magis</strong></span> <span class='ocrx_word' id='word_1_154' title='bbox 333 1863 431 1939; x_wconf 83' lang='lat' dir='ltr'><strong>miror,</strong></span> <span class='ocrx_word' id='word_1_155' title='bbox 446 1861 581 1940; x_wconf 85' lang='lat' dir='ltr'><strong>qnoniam</strong></span> <span class='ocrx_word' id='word_1_156' title='bbox 597 1861 676 1921; x_wconf 90' lang='lat' dir='ltr'><strong>utilis</strong></span> <span class='ocrx_word' id='word_1_157' title='bbox 692 1860 823 1940; x_wconf 86' lang='lat' dir='ltr'><strong>proditur</strong></span> <span class='ocrx_word' id='word_1_158' title='bbox 836 1863 1006 1940; x_wconf 85' lang='lat' dir='ltr'><strong>sangninem</strong></span> <span class='ocrx_word' id='word_1_159' title='bbox 1026 1878 1075 1920; x_wconf 87' lang='lat' dir='ltr'><strong>ex·</strong></span> 
     </span>
    </p>

    <p class='ocr_par' dir='ltr' id='par_1_8' title="bbox 48 1945 1165 2254">
     <span class='ocr_line' id='line_1_21' title="bbox 48 1945 1077 2020; baseline -0.006 -10"><span class='ocrx_word' id='word_1_160' title='bbox 48 1971 75 2012; x_wconf 86' lang='lat' dir='ltr'><strong>ao</strong></span> <span class='ocrx_word' id='word_1_161' title='bbox 84 1947 263 2008; x_wconf 88' lang='lat' dir='ltr'><strong>screantibus</strong></span> <span class='ocrx_word' id='word_1_162' title='bbox 281 1945 372 2006; x_wconf 92' lang='lat' dir='ltr'><strong>tribus</strong></span> <span class='ocrx_word' id='word_1_163' title='bbox 388 1945 485 2005; x_wconf 89' lang='lat' dir='ltr'><strong>obolis</strong></span> <span class='ocrx_word' id='word_1_164' title='bbox 502 1961 566 2004; x_wconf 89' lang='lat' dir='ltr'><strong>cum</strong></span> <span class='ocrx_word' id='word_1_165' title='bbox 582 1960 683 2019; x_wconf 88' lang='lat' dir='ltr'><strong>croco,</strong></span> <span class='ocrx_word' id='word_1_166' title='bbox 699 1946 766 2004; x_wconf 89' lang='lat' dir='ltr'><strong>item</strong></span> <span class='ocrx_word' id='word_1_167' title='bbox 787 1945 943 2020; x_wconf 89' lang='lat' dir='ltr'><strong>coeliacis,</strong></span> <span class='ocrx_word' id='word_1_168' title='bbox 958 1945 1024 2005; x_wconf 88' lang='lat' dir='ltr'><strong>trita</strong></span> <span class='ocrx_word' id='word_1_169' title='bbox 1039 1963 1077 2004; x_wconf 88' lang='lat' dir='ltr'><strong>ex</strong></span> 
     </span>
     <span class='ocr_line' id='line_1_22' title="bbox 84 2027 1076 2109; baseline -0.001 -21"><span class='ocrx_word' id='word_1_170' title='bbox 84 2047 158 2109; x_wconf 83' lang='lat' dir='ltr'><strong>aqua</strong></span> <span class='ocrx_word' id='word_1_171' title='bbox 176 2039 205 2089; x_wconf 94' lang='lat' dir='ltr'><strong>et</strong></span> <span class='ocrx_word' id='word_1_172' title='bbox 221 2029 353 2108; x_wconf 91' lang='lat' dir='ltr'><strong>adposita</strong></span> <span class='ocrx_word' id='word_1_173' title='bbox 369 2028 513 2108; x_wconf 79' lang='lat' dir='ltr'><strong>profluvio</strong></span> <span class='ocrx_word' id='word_1_174' title='bbox 528 2028 704 2104; x_wconf 85' lang='lat' dir='ltr'><strong>laminarum,</strong></span> <span class='ocrx_word' id='word_1_175' title='bbox 721 2027 870 2088; x_wconf 87' lang='lat' dir='ltr'><strong>oculorum</strong></span> <span class='ocrx_word' id='word_1_176' title='bbox 886 2045 1004 2107; x_wconf 80' lang='lat' dir='ltr'><strong>quoqne</strong></span> <span class='ocrx_word' id='word_1_177' title='bbox 1018 2045 1076 2087; x_wconf 91' lang='lat' dir='ltr'><strong>me-</strong></span> 
     </span>
     <span class='ocr_line' id='line_1_23' title="bbox 84 2110 1165 2191; baseline -0.001 -19"><span class='ocrx_word' id='word_1_178' title='bbox 84 2113 252 2172; x_wconf 86' lang='lat' dir='ltr'><strong>dicamentis</strong></span> <span class='ocrx_word' id='word_1_179' title='bbox 274 2120 302 2172; x_wconf 92' lang='lat' dir='ltr'><strong>et</strong></span> <span class='ocrx_word' id='word_1_180' title='bbox 320 2112 473 2191; x_wconf 87' lang='lat' dir='ltr'><strong>explendis</strong></span> <span class='ocrx_word' id='word_1_181' title='bbox 487 2110 634 2171; x_wconf 84' lang='lat' dir='ltr'><strong>ulceribus</strong></span> <span class='ocrx_word' id='word_1_182' title='bbox 649 2127 723 2187; x_wconf 84' lang='lat' dir='ltr'><strong>quae</strong></span> <span class='ocrx_word' id='word_1_183' title='bbox 746 2110 815 2171; x_wconf 91' lang='lat' dir='ltr'><strong>liant</strong></span> <span class='ocrx_word' id='word_1_184' title='bbox 834 2112 863 2169; x_wconf 92' lang='lat' dir='ltr'><strong>io</strong></span> <span class='ocrx_word' id='word_1_185' title='bbox 883 2113 994 2172; x_wconf 90' lang='lat' dir='ltr'><strong>teneris</strong></span> <span class='ocrx_word' id='word_1_186' title='bbox 1011 2128 1077 2189; x_wconf 87' lang='lat' dir='ltr'><strong>par·</strong></span> <span class='ocrx_word' id='word_1_187' title='bbox 1162 2132 1165 2136; x_wconf 54' lang='lat'><strong><em>⁴</em></strong></span> 
     </span>
     <span class='ocr_line' id='line_1_24' title="bbox 83 2193 170 2254; baseline 0 -1"><span class='ocrx_word' id='word_1_188' title='bbox 83 2193 170 2254; x_wconf 88' lang='lat' dir='ltr'><strong>tibus.</strong></span> 
     </span>
    </p>

    <p class='ocr_par' dir='ltr' id='par_1_9' title="bbox 48 2275 1121 2755">
     <span class='ocr_line' id='line_1_25' title="bbox 149 2275 1121 2356; baseline 0.003 -18"><span class='ocrx_word' id='word_1_189' title='bbox 149 2276 199 2339; x_wconf 83' lang='lat'><strong>12.</strong></span> <span class='ocrx_word' id='word_1_190' title='bbox 222 2277 306 2356; x_wconf 81' lang='lat' dir='ltr'><strong>(tt.)</strong></span> <span class='ocrx_word' id='word_1_191' title='bbox 328 2275 444 2338; x_wconf 73' lang='lat' dir='ltr'><strong>ldedion</strong></span> <span class='ocrx_word' id='word_1_192' title='bbox 466 2278 537 2338; x_wconf 92' lang='lat' dir='ltr'><strong>iolia</strong></span> <span class='ocrx_word' id='word_1_193' title='bbox 555 2278 643 2338; x_wconf 89' lang='lat' dir='ltr'><strong>babet</strong></span> <span class='ocrx_word' id='word_1_194' title='bbox 664 2277 769 2338; x_wconf 89' lang='lat' dir='ltr'><strong>seridis</strong></span> <span class='ocrx_word' id='word_1_195' title='bbox 790 2278 917 2355; x_wconf 84' lang='lat' dir='ltr'><strong>satirae,</strong></span> <span class='ocrx_word' id='word_1_196' title='bbox 945 2277 1121 2341; x_wconf 77' lang='lat' dir='ltr'><strong>cantamina</strong></span> 
     </span>
     <span class='ocr_line' id='line_1_26' title="bbox 48 2360 1077 2440; baseline 0.002 -21"><span class='ocrx_word' id='word_1_197' title='bbox 48 2378 74 2420; x_wconf 84' lang='lat' dir='ltr'><strong>as</strong></span> <span class='ocrx_word' id='word_1_198' title='bbox 84 2361 256 2440; x_wconf 83' lang='lat' dir='ltr'><strong>tripedalem</strong></span> <span class='ocrx_word' id='word_1_199' title='bbox 271 2370 300 2421; x_wconf 90' lang='lat' dir='ltr'><strong>et</strong></span> <span class='ocrx_word' id='word_1_200' title='bbox 311 2363 341 2422; x_wconf 90' lang='lat' dir='ltr'><strong>in</strong></span> <span class='ocrx_word' id='word_1_201' title='bbox 362 2379 398 2422; x_wconf 91' lang='lat' dir='ltr'><strong>eo</strong></span> <span class='ocrx_word' id='word_1_202' title='bbox 418 2361 519 2421; x_wconf 89' lang='lat' dir='ltr'><strong>liorem</strong></span> <span class='ocrx_word' id='word_1_203' title='bbox 534 2362 689 2438; x_wconf 87' lang='lat' dir='ltr'><strong>grandem,</strong></span> <span class='ocrx_word' id='word_1_204' title='bbox 706 2378 897 2440; x_wconf 88' lang='lat' dir='ltr'><strong>purpureum,</strong></span> <span class='ocrx_word' id='word_1_205' title='bbox 914 2360 1077 2439; x_wconf 87' lang='lat' dir='ltr'><strong>rotundum,</strong></span> 
     </span>
     <span class='ocr_line' id='line_1_27' title="bbox 84 2443 1077 2522; baseline 0.001 -18"><span class='ocrx_word' id='word_1_206' title='bbox 84 2446 194 2506; x_wconf 88' lang='lat' dir='ltr'><strong>semine</strong></span> <span class='ocrx_word' id='word_1_207' title='bbox 207 2447 326 2522; x_wconf 91' lang='lat' dir='ltr'><strong>minuto,</strong></span> <span class='ocrx_word' id='word_1_208' title='bbox 344 2443 471 2504; x_wconf 91' lang='lat' dir='ltr'><strong>radicem</strong></span> <span class='ocrx_word' id='word_1_209' title='bbox 483 2444 701 2522; x_wconf 85' lang='lat' dir='ltr'><strong>semipedalem.</strong></span> <span class='ocrx_word' id='word_1_210' title='bbox 728 2447 757 2503; x_wconf 89' lang='lat' dir='ltr'><strong>in</strong></span> <span class='ocrx_word' id='word_1_211' title='bbox 772 2447 851 2505; x_wconf 84' lang='lat' dir='ltr'><strong>saxis</strong></span> <span class='ocrx_word' id='word_1_212' title='bbox 865 2447 967 2522; x_wconf 87' lang='lat' dir='ltr'><strong>opacis</strong></span> <span class='ocrx_word' id='word_1_213' title='bbox 983 2446 1077 2505; x_wconf 93' lang='lat' dir='ltr'><strong>nasci·</strong></span> 
     </span>
     <span class='ocr_line' id='line_1_28' title="bbox 83 2525 1076 2589; baseline -0.001 -1"><span class='ocrx_word' id='word_1_214' title='bbox 83 2537 138 2589; x_wconf 93' lang='lat' dir='ltr'><strong>tur.</strong></span> <span class='ocrx_word' id='word_1_215' title='bbox 168 2528 251 2588; x_wconf 86' lang='lat' dir='ltr'><strong>radix</strong></span> <span class='ocrx_word' id='word_1_216' title='bbox 272 2526 416 2587; x_wconf 85' lang='lat' dir='ltr'><strong>drachmis</strong></span> <span class='ocrx_word' id='word_1_217' title='bbox 438 2525 547 2587; x_wconf 92' lang='lat' dir='ltr'><strong>duabus</strong></span> <span class='ocrx_word' id='word_1_218' title='bbox 570 2544 633 2585; x_wconf 90' lang='lat' dir='ltr'><strong>cnm</strong></span> <span class='ocrx_word' id='word_1_219' title='bbox 659 2525 746 2586; x_wconf 91' lang='lat' dir='ltr'><strong>melle</strong></span> <span class='ocrx_word' id='word_1_220' title='bbox 769 2543 886 2586; x_wconf 91' lang='lat' dir='ltr'><strong>menses</strong></span> <span class='ocrx_word' id='word_1_221' title='bbox 908 2527 1076 2587; x_wconf 82' lang='lat' dir='ltr'><strong>feminarum</strong></span> 
     </span>
     <span class='ocr_line' id='line_1_29' title="bbox 83 2608 1076 2689; baseline -0.001 -19"><span class='ocrx_word' id='word_1_222' title='bbox 83 2612 159 2671; x_wconf 90' lang='lat' dir='ltr'><strong>sistit</strong></span> <span class='ocrx_word' id='word_1_223' title='bbox 180 2609 335 2687; x_wconf 78' lang='lat' dir='ltr'><strong>ecligmate</strong></span> <span class='ocrx_word' id='word_1_224' title='bbox 355 2627 410 2688; x_wconf 90' lang='lat' dir='ltr'><strong>per</strong></span> <span class='ocrx_word' id='word_1_225' title='bbox 430 2609 539 2686; x_wconf 86' lang='lat' dir='ltr'><strong>aliquot</strong></span> <span class='ocrx_word' id='word_1_226' title='bbox 558 2608 621 2668; x_wconf 90' lang='lat' dir='ltr'><strong>diss</strong></span> <span class='ocrx_word' id='word_1_227' title='bbox 640 2618 766 2687; x_wconf 91' lang='lat' dir='ltr'><strong>sumpto.</strong></span> <span class='ocrx_word' id='word_1_228' title='bbox 795 2626 896 2669; x_wconf 85' lang='lat' dir='ltr'><strong>semen</strong></span> <span class='ocrx_word' id='word_1_229' title='bbox 911 2626 1027 2689; x_wconf 84' lang='lat' dir='ltr'><strong>quoque</strong></span> <span class='ocrx_word' id='word_1_230' title='bbox 1047 2612 1076 2669; x_wconf 93' lang='lat' dir='ltr'><strong>in</strong></span> 
     </span>
     <span class='ocr_line' id='line_1_30' title="bbox 82 2691 777 2755; baseline -0.004 -2"><span class='ocrx_word' id='word_1_231' title='bbox 82 2695 152 2753; x_wconf 85' lang='lat' dir='ltr'><strong>rino</strong></span> <span class='ocrx_word' id='word_1_232' title='bbox 169 2702 269 2755; x_wconf 93' lang='lat' dir='ltr'><strong>contra</strong></span> <span class='ocrx_word' id='word_1_233' title='bbox 287 2692 487 2753; x_wconf 89' lang='lat' dir='ltr'><strong>abundantiam</strong></span> <span class='ocrx_word' id='word_1_234' title='bbox 502 2693 669 2752; x_wconf 84' lang='lat' dir='ltr'><strong>feminarum</strong></span> <span class='ocrx_word' id='word_1_235' title='bbox 684 2691 777 2751; x_wconf 88' lang='lat' dir='ltr'><strong>datur.</strong></span> 
     </span>
    </p>

    <p class='ocr_par' dir='ltr' id='par_1_10' title="bbox 56 2774 1119 3191">
     <span class='ocr_line' id='line_1_31' title="bbox 56 2774 1119 2857; baseline 0.002 -18"><span class='ocrx_word' id='word_1_236' title='bbox 56 2796 82 2839; x_wconf 86' lang='lat' dir='ltr'><strong>m</strong></span> <span class='ocrx_word' id='word_1_237' title='bbox 147 2777 230 2857; x_wconf 85' lang='lat'><strong>(80.)</strong></span> <span class='ocrx_word' id='word_1_238' title='bbox 252 2776 386 2851; x_wconf 79' lang='lat' dir='ltr'><strong>lllyosoto</strong></span> <span class='ocrx_word' id='word_1_239' title='bbox 399 2777 462 2837; x_wconf 86' lang='lat' dir='ltr'><strong>sive</strong></span> <span class='ocrx_word' id='word_1_240' title='bbox 474 2776 623 2853; x_wconf 78' lang='lat' dir='ltr'><strong>myosotis,</strong></span> <span class='ocrx_word' id='word_1_241' title='bbox 635 2775 709 2835; x_wconf 85' lang='lat' dir='ltr'><strong>levis</strong></span> <span class='ocrx_word' id='word_1_242' title='bbox 725 2774 815 2836; x_wconf 87' lang='lat' dir='ltr'><strong>barba</strong></span> <span class='ocrx_word' id='word_1_243' title='bbox 828 2774 957 2838; x_wconf 85' lang='lat' dir='ltr'><strong>caulibus</strong></span> <span class='ocrx_word' id='word_1_244' title='bbox 968 2775 1054 2855; x_wconf 89' lang='lat' dir='ltr'><strong>pluri·</strong></span> <span class='ocrx_word' id='word_1_245' title='bbox 1069 2785 1119 2841; x_wconf 80' lang='lat'><strong>105</strong></span> 
     </span>
     <span class='ocr_line' id='line_1_32' title="bbox 83 2857 1074 2940; baseline -0.002 -20"><span class='ocrx_word' id='word_1_246' title='bbox 83 2860 137 2920; x_wconf 88' lang='lat' dir='ltr'><strong>bus</strong></span> <span class='ocrx_word' id='word_1_247' title='bbox 154 2861 190 2921; x_wconf 92' lang='lat' dir='ltr'><strong>ab</strong></span> <span class='ocrx_word' id='word_1_248' title='bbox 205 2878 261 2922; x_wconf 87' lang='lat' dir='ltr'><strong>una</strong></span> <span class='ocrx_word' id='word_1_249' title='bbox 276 2860 375 2921; x_wconf 89' lang='lat' dir='ltr'><strong>radice</strong></span> <span class='ocrx_word' id='word_1_250' title='bbox 389 2858 570 2940; x_wconf 84' lang='lat' dir='ltr'><strong>aliquatenus</strong></span> <span class='ocrx_word' id='word_1_251' title='bbox 584 2857 769 2935; x_wconf 89' lang='lat' dir='ltr'><strong>rubentibus,</strong></span> <span class='ocrx_word' id='word_1_252' title='bbox 792 2861 946 2937; x_wconf 89' lang='lat' dir='ltr'><strong>concavis,</strong></span> <span class='ocrx_word' id='word_1_253' title='bbox 965 2859 1000 2921; x_wconf 88' lang='lat' dir='ltr'><strong>ab</strong></span> <span class='ocrx_word' id='word_1_254' title='bbox 1017 2862 1074 2920; x_wconf 91' lang='lat' dir='ltr'><strong>imo</strong></span> 
     </span>
     <span class='ocr_line' id='line_1_33' title="bbox 83 2942 1075 3023; baseline 0 -19"><span class='ocrx_word' id='word_1_255' title='bbox 83 2945 165 3004; x_wconf 91' lang='lat' dir='ltr'><strong>ioliis</strong></span> <span class='ocrx_word' id='word_1_256' title='bbox 185 2947 325 3023; x_wconf 87' lang='lat' dir='ltr'><strong>angustis,</strong></span> <span class='ocrx_word' id='word_1_257' title='bbox 341 2943 478 3022; x_wconf 88' lang='lat' dir='ltr'><strong>oblongis</strong></span> <span class='ocrx_word' id='word_1_258' title='bbox 492 2943 581 3004; x_wconf 90' lang='lat' dir='ltr'><strong>dorso</strong></span> <span class='ocrx_word' id='word_1_259' title='bbox 596 2951 698 3019; x_wconf 87' lang='lat' dir='ltr'><strong>acuto,</strong></span> <span class='ocrx_word' id='word_1_260' title='bbox 721 2943 828 3021; x_wconf 86' lang='lat' dir='ltr'><strong>nigris,</strong></span> <span class='ocrx_word' id='word_1_261' title='bbox 849 2962 903 3023; x_wconf 90' lang='lat' dir='ltr'><strong>per</strong></span> <span class='ocrx_word' id='word_1_262' title='bbox 922 2942 1075 3007; x_wconf 84' lang='lat' dir='ltr'><strong>intervalla</strong></span> 
     </span>
     <span class='ocr_line' id='line_1_34' title="bbox 84 3027 1075 3109; baseline 0 -22"><span class='ocrx_word' id='word_1_263' title='bbox 84 3027 202 3088; x_wconf 87' lang='lat' dir='ltr'><strong>adsidue</strong></span> <span class='ocrx_word' id='word_1_264' title='bbox 216 3030 385 3106; x_wconf 88' lang='lat' dir='ltr'><strong>geminatis,</strong></span> <span class='ocrx_word' id='word_1_265' title='bbox 407 3027 542 3088; x_wconf 84' lang='lat' dir='ltr'><strong>tenuibus</strong></span> <span class='ocrx_word' id='word_1_266' title='bbox 557 3027 708 3089; x_wconf 86' lang='lat' dir='ltr'><strong>cauliculis</strong></span> <span class='ocrx_word' id='word_1_267' title='bbox 731 3044 769 3087; x_wconf 89' lang='lat' dir='ltr'><strong>ex</strong></span> <span class='ocrx_word' id='word_1_268' title='bbox 789 3027 842 3088; x_wconf 88' lang='lat' dir='ltr'><strong>alis</strong></span> <span class='ocrx_word' id='word_1_269' title='bbox 857 3029 1075 3109; x_wconf 86' lang='lat' dir='ltr'><strong>prodeuntibus,</strong></span> 
     </span>
     <span class='ocr_line' id='line_1_35' title="bbox 84 3109 1076 3191; baseline 0 -21"><span class='ocrx_word' id='word_1_270' title='bbox 84 3111 157 3171; x_wconf 91' lang='lat' dir='ltr'><strong>llore</strong></span> <span class='ocrx_word' id='word_1_271' title='bbox 174 3112 322 3172; x_wconf 89' lang='lat' dir='ltr'><strong>caeruleo.</strong></span> <span class='ocrx_word' id='word_1_272' title='bbox 347 3111 431 3172; x_wconf 84' lang='lat' dir='ltr'><strong>radix</strong></span> <span class='ocrx_word' id='word_1_273' title='bbox 444 3111 555 3189; x_wconf 88' lang='lat' dir='ltr'><strong>digitali</strong></span> <span class='ocrx_word' id='word_1_274' title='bbox 572 3109 762 3173; x_wconf 89' lang='lat' dir='ltr'><strong>crassitudine</strong></span> <span class='ocrx_word' id='word_1_275' title='bbox 776 3110 871 3172; x_wconf 89' lang='lat' dir='ltr'><strong>multis</strong></span> <span class='ocrx_word' id='word_1_276' title='bbox 891 3112 1076 3191; x_wconf 89' lang='lat' dir='ltr'><strong>capillamen-</strong></span> 
     </span>
    </p>

    <p class='ocr_par' dir='ltr' id='par_1_11' title="bbox 25 3194 1075 3274">
     <span class='ocr_line' id='line_1_36' title="bbox 25 3194 1075 3274; baseline 0 -22"><span class='ocrx_word' id='word_1_277' title='bbox 25 3211 73 3253; x_wconf 84' lang='lat' dir='ltr'><strong>-as</strong></span> <span class='ocrx_word' id='word_1_278' title='bbox 82 3196 119 3255; x_wconf 91' lang='lat' dir='ltr'><strong>tis</strong></span> <span class='ocrx_word' id='word_1_279' title='bbox 136 3195 286 3255; x_wconf 87' lang='lat' dir='ltr'><strong>limbriata.</strong></span> <span class='ocrx_word' id='word_1_280' title='bbox 304 3195 348 3254; x_wconf 89' lang='lat' dir='ltr'><strong>vis</strong></span> <span class='ocrx_word' id='word_1_281' title='bbox 363 3194 390 3256; x_wconf 91' lang='lat' dir='ltr'><strong>ei</strong></span> <span class='ocrx_word' id='word_1_282' title='bbox 401 3197 513 3271; x_wconf 83' lang='lat' dir='ltr'><strong>septica</strong></span> <span class='ocrx_word' id='word_1_283' title='bbox 525 3203 555 3254; x_wconf 87' lang='lat' dir='ltr'><strong>et</strong></span> <span class='ocrx_word' id='word_1_284' title='bbox 566 3195 772 3270; x_wconf 83' lang='lat' dir='ltr'><strong>exulceratrix,</strong></span> <span class='ocrx_word' id='word_1_285' title='bbox 785 3195 910 3274; x_wconf 85' lang='lat' dir='ltr'><strong>ideoque</strong></span> <span class='ocrx_word' id='word_1_286' title='bbox 923 3195 1075 3271; x_wconf 87' lang='lat' dir='ltr'><strong>aegilopas</strong></span> 
     </span>
    </p>

    <p class='ocr_par' dir='ltr' id='par_1_12' title="bbox 84 3275 1075 3358">
     <span class='ocr_line' id='line_1_37' title="bbox 84 3275 1075 3358; baseline -0.001 -22"><span class='ocrx_word' id='word_1_287' title='bbox 84 3288 174 3339; x_wconf 88' lang='lat' dir='ltr'><strong>sanat.</strong></span> <span class='ocrx_word' id='word_1_288' title='bbox 193 3279 306 3340; x_wconf 80' lang='lat' dir='ltr'><strong>madunt</strong></span> <span class='ocrx_word' id='word_1_289' title='bbox 313 3277 463 3356; x_wconf 68' lang='lat' dir='ltr'><strong>Aegyptii,</strong></span> <span class='ocrx_word' id='word_1_290' title='bbox 476 3280 675 3358; x_wconf 85' lang='lat' dir='ltr'><strong>mensisqoem</strong></span> <span class='ocrx_word' id='word_1_291' title='bbox 683 3277 766 3338; x_wconf 83' lang='lat' dir='ltr'><strong>Thoti</strong></span> <span class='ocrx_word' id='word_1_292' title='bbox 773 3288 880 3339; x_wconf 82' lang='lat' dir='ltr'><strong>vocant</strong></span> <span class='ocrx_word' id='word_1_293' title='bbox 888 3275 1075 3339; x_wconf 88' lang='lat' dir='ltr'><strong>dieXXVllI.</strong></span> 
     </span>
    </p>

    <p class='ocr_par' dir='ltr' id='par_1_13' title="bbox 83 3360 1074 3440">
     <span class='ocr_line' id='line_1_38' title="bbox 83 3360 1074 3440; baseline 0 -21"><span class='ocrx_word' id='word_1_294' title='bbox 83 3360 147 3421; x_wconf 88' lang='lat' dir='ltr'><strong>iere</strong></span> <span class='ocrx_word' id='word_1_295' title='bbox 156 3362 351 3440; x_wconf 81' lang='lat' dir='ltr'><strong>inAngnstum</strong></span> <span class='ocrx_word' id='word_1_296' title='bbox 363 3378 490 3421; x_wconf 89' lang='lat' dir='ltr'><strong>mensem</strong></span> <span class='ocrx_word' id='word_1_297' title='bbox 502 3362 666 3422; x_wconf 88' lang='lat' dir='ltr'><strong>incurrente</strong></span> <span class='ocrx_word' id='word_1_298' title='bbox 678 3362 702 3420; x_wconf 92' lang='lat' dir='ltr'><strong>si</strong></span> <span class='ocrx_word' id='word_1_299' title='bbox 717 3361 781 3440; x_wconf 86' lang='lat' dir='ltr'><strong>quis</strong></span> <span class='ocrx_word' id='word_1_300' title='bbox 792 3361 876 3423; x_wconf 85' lang='lat' dir='ltr'><strong>buius</strong></span> <span class='ocrx_word' id='word_1_301' title='bbox 886 3360 995 3423; x_wconf 83' lang='lat' dir='ltr'><strong>barbae</strong></span> <span class='ocrx_word' id='word_1_302' title='bbox 1003 3378 1074 3421; x_wconf 90' lang='lat' dir='ltr'><strong>suoo</strong></span> 
     </span>
    </p>
   </div>
   <div class='ocr_carea' id='block_1_3' title="bbox 83 3443 1092 3590">
    <p class='ocr_par' dir='ltr' id='par_1_14' title="bbox 83 3443 1092 3590">
     <span class='ocr_line' id='line_1_39' title="bbox 83 3443 1092 3590; baseline -0.006 -89"><span class='ocrx_word' id='word_1_303' title='bbox 83 3445 255 3521; x_wconf 88' lang='lat' dir='ltr'><strong>inunguatur</strong></span> <span class='ocrx_word' id='word_1_304' title='bbox 261 3462 344 3506; x_wconf 91' lang='lat' dir='ltr'><strong>mane</strong></span> <span class='ocrx_word' id='word_1_305' title='bbox 358 3446 675 3525; x_wconf 79' lang='lat' dir='ltr'><strong>prinsquamlospuatur,</strong></span> <span class='ocrx_word' id='word_1_306' title='bbox 692 3461 749 3503; x_wconf 91' lang='lat' dir='ltr'><strong>oon</strong></span> <span class='ocrx_word' id='word_1_307' title='bbox 760 3443 935 3590; x_wconf 55' lang='lat' dir='ltr'><strong>lippitupuprp</strong></span> <span class='ocrx_word' id='word_1_308' title='bbox 943 3463 984 3503; x_wconf 76' lang='lat' dir='ltr'><strong>eo</strong></span> <span class='ocrx_word' id='word_1_309' title='bbox 993 3460 1092 3500; x_wconf 67' lang='lat' dir='ltr'><strong>auus.</strong></span> 
     </span>
    </p>
   </div>
   <div class='ocr_carea' id='block_1_4' title="bbox 0 0 1204 3840">
    <p class='ocr_par' dir='ltr' id='par_1_15' title="bbox 0 0 1204 3840">
     <span class='ocr_line' id='line_1_40' title="bbox 0 0 1204 3840; baseline 0 0"><span class='ocrx_word' id='word_1_310' title='bbox 0 0 1204 3840; x_wconf 95' lang='lat' dir='ltr'><strong> </strong></span> 
     </span>
    </p>
   </div>
  </div>
 </body>
</html>
