2400 3840
284 227 364 275 usu.
383 226 475 277 nisu.
491 229 588 276 xxrx.
604 225 690 280 a—o.
710 216 854 295 (oo-34.)
1008 216 1069 279 225

71 402 110 443 ex
126 390 221 458 aceto,
233 382 282 441 vel
298 382 368 461 pulli
386 381 543 442 hirundinis
559 382 712 459 combusti,
728 380 891 443 membrana
910 385 973 443 sive
986 402 1070 443 sene·

73 476 136 526 ctus
152 466 285 543 anguium
300 467 469 526 vernatione
494 475 580 526 exuta
597 485 660 526 oum
676 485 782 527 cancro
804 467 933 527 masculo
950 486 987 528 ex
1002 468 1070 527 vino

71 551 153 625 trita,
177 567 240 610 nam
256 551 341 610 etiam
356 568 410 629 per
425 569 458 610 se
479 551 607 628 reposita
625 552 653 610 in
675 552 752 610 arcis
767 551 954 630 armariisque
978 552 1070 612 tineas

70 642 166 694 necat.
198 633 263 693 mali
286 642 362 694 tanta
382 635 426 694 ris
453 643 497 695 est
520 643 550 694 ut
570 636 651 694 urina
668 653 785 713 quoque
807 633 918 694 calcata
938 634 1048 694 rabiosi
1063 646 1113 699 102

44 719 151 778 scacis
167 727 288 793 noceat,
307 736 438 778 maxume
453 719 536 778 ulcus
552 717 734 778 habentibus.
767 720 898 778 remedio
917 727 962 778 ost
976 720 1070 778 limum

72 800 242 862 caballinum
258 801 426 880 adspersum
444 811 529 863 aceto
545 811 573 860 et
595 802 768 862 calefactum
788 804 817 862 in
834 804 889 863 lico
905 803 1069 880 inpositum.

69 887 161 945 minus
176 885 233 945 hoo
247 886 364 946 miretur
379 887 426 965 qui
443 888 553 964 cogitet
566 884 692 964 lapidem
710 903 726 947 a
742 904 815 947 canc
831 904 958 947 morsum
976 903 1070 965 usque

69 972 97 1028 in
124 969 307 1048 proverbium
334 971 498 1031 discordiae
528 970 654 1029 venisse.
710 972 758 1048 qui
792 971 819 1028 in
849 971 957 1031 urinam
991 971 1069 1030 carris

68 1071 147 1114 suam
166 1055 311 1131 egesserit
329 1063 479 1133 torporem
497 1053 655 1113 lumborum
670 1057 778 1114 sentire
799 1053 905 1114 dicunt.
938 1055 1069 1131 Lacerta,

30 1146 58 1194 ro
70 1155 153 1216 quam
169 1157 251 1217 sepa,
269 1137 317 1197 alii
333 1136 514 1198 chalcidicen
532 1145 648 1214 vocant,
661 1138 690 1196 in
705 1139 773 1198 vino
786 1146 855 1216 pota
871 1155 985 1198 morsus
1000 1154 1069 1197 suos

68 1231 160 1282 sanat.

131 1305 216 1382 (63.)
238 1304 397 1364 veneficiis
420 1321 458 1362 ex
484 1304 605 1363 mustela
621 1303 748 1363 silvestri
769 1304 854 1364 iactis
877 1305 1113 1369 contrarium103

67 1398 114 1448 est
131 1390 175 1446 ius
192 1386 347 1464 gallinacei
363 1389 473 1447 vetoris
490 1387 573 1464 large
589 1386 736 1463 haustum,
761 1387 946 1467 peculiariter
970 1396 1070 1446 contra

66 1472 212 1532 aconitata
227 1470 292 1531 addi
307 1488 408 1549 parum
424 1471 492 1530 salis
509 1480 656 1550 oporteat,
672 1471 842 1549 gallinarum
858 1471 971 1546 limum,
991 1470 1069 1530 dum·

28 1572 55 1614 rs
67 1564 147 1616 tanat
159 1553 319 1631 candidum,
337 1555 366 1613 in
378 1554 491 1634 hysopo
502 1554 654 1615 decoctum
668 1565 716 1615 aut
727 1557 832 1631 mulso,
845 1562 946 1615 contra
957 1572 1069 1614 venena

66 1638 221 1716 fungorum
237 1638 474 1717 boletorumque,
499 1640 567 1699 item
583 1639 746 1700 inflationes
764 1659 801 1700 ac
815 1639 1067 1717 strangulationes,

67 1721 147 1801 quod
162 1723 306 1800 miremur,
326 1742 400 1798 cum,
418 1726 441 1782 si
461 1722 536 1784 aliud
554 1725 658 1785 animal
670 1727 833 1801 gustaverit
846 1723 874 1783 id
890 1725 994 1798 limum,
1010 1731 1068 1782 tor·

64 1806 188 1866 minibus
202 1816 231 1866 et
248 1807 441 1868 inflationibus
454 1808 613 1868 adficiatur.
642 1809 766 1886 Sanguis
778 1810 929 1869 anserinus
948 1815 1048 1887 contra
1060 1819 1111 1872 104

67 1891 187 1968 lepores
206 1892 332 1952 marinos
349 1891 429 1952 valet
444 1911 507 1952 cnm
522 1892 581 1952 olei
597 1909 691 1970 acqua
710 1893 861 1971 portione,
884 1892 951 1950 item
968 1899 1068 1952 contra

22 1986 55 2035 ao
65 1974 142 2034 mala
161 1973 370 2037 medicamenta
389 1977 483 2036 omnia
498 2009 541 2020 -
556 1975 727 2036 adservatur
743 1994 808 2034 cum
822 1975 938 2034 Lemnia
952 1973 1068 2034 rubrica

67 2067 97 2118 et
112 2059 213 2136 spinae
232 2060 317 2120 albae
334 2078 405 2119 suco
427 2094 470 2106 -
491 2059 673 2139 pastillorum
689 2058 833 2119 drachmis
850 2059 942 2136 quinis
957 2075 1032 2136 quae
1051 2075 1068 2118 e

66 2141 180 2216 cyathis
195 2145 285 2202 ternis
302 2161 393 2223 aquae
410 2143 553 2220 bibantur,
569 2144 636 2202 item
655 2142 794 2203 mustelae
810 2141 921 2202 catulus
936 2149 965 2201 ut
980 2156 1066 2220 supra
1080 2163 1103 2198 so

65 2226 190 2286 diximus
211 2235 411 2307 praeparatus.
453 2226 612 2304 Goagulum
632 2244 748 2307 quoque
770 2227 902 2304 agninum
926 2224 1068 2285 adversus

66 2309 160 2369 omnia
178 2311 252 2371 mala
268 2310 477 2372 medicamenta
492 2311 601 2391 pollet,
619 2312 687 2370 item
705 2313 822 2389 sanguis
838 2318 952 2370 anatum
971 2311 1066 2369 Ponti·

24 2408 54 2450 as
68 2409 174 2452 carum.
213 2395 310 2472 itaque
332 2403 361 2456 et
382 2396 524 2473 spissatus
545 2403 677 2455 servatur
698 2396 824 2472 vinoque
845 2393 970 2453 diluitur.
1008 2394 1067 2471 qui·

64 2475 130 2536 dam
144 2476 270 2537 feminae
284 2479 376 2539 anatis
392 2479 587 2537 efficaciorem
605 2486 712 2556 putant.
741 2477 831 2536 Simili
846 2477 932 2535 modo
947 2486 1047 2535 contra
1059 2486 1109 2538 105

65 2576 179 2619 venena
198 2562 292 2620 omnia
308 2561 482 2621 ciconiarum
498 2560 676 2620 ‘ventriculus
689 2560 784 2637 valet,
810 2559 963 2636 coagulum
977 2575 1067 2638 peco-

63 2645 117 2717 ris,
134 2643 177 2700 ius
192 2661 230 2701 err
248 2662 335 2703 carne
352 2643 472 2703 arietum
488 2643 618 2721 privatim
634 2642 774 2703 adversus
791 2641 983 2719 cantharidas,
999 2643 1067 2701 item

64 2728 113 2787 lac
131 2726 225 2784 ovium
242 2727 363 2786 calidum
380 2728 556 2806 praeterque
572 2726 607 2785 iis
620 2728 668 2805 qui
682 2727 842 2806 buprestim
859 2735 906 2786 aut
923 2726 1067 2786 aconitum

28 2824 55 2868 ao
65 2808 207 2885 biberint,
230 2811 424 2872 columbarum
441 2810 615 2871 silvestrium
635 2811 728 2871 limum
748 2812 880 2890 privatim
902 2819 1003 2870 contra
1021 2828 1066 2868 ar-

65 2893 145 2971 genti
162 2893 218 2952 vivi
236 2905 350 2975 potum,
376 2904 476 2956 contra
494 2896 591 2956 toxica
613 2896 735 2957 mustela
758 2895 888 2974 volgaris
903 2895 1066 2955 inveterata

65 2977 210 3038 drachmis
222 2978 296 3039 binis
313 2989 392 3058 pota.
506 3004 508 3009 ⁴

129 3061 159 3122 6.
184 3061 267 3141 (34.)
292 3063 453 3143 Alopecias
469 3065 565 3142 replet
581 3064 636 3124 limi
652 3065 794 3143 pecudum
807 3066 878 3123 cinis
895 3081 957 3123 cum
975 3063 1044 3122 oleo
1058 3071 1109 3126 106

67 3146 168 3225 cyprio
185 3155 215 3206 et
229 3147 325 3224 melle,
341 3149 408 3208 item
424 3148 592 3225 ungularum
605 3149 672 3207 mnli
685 3148 734 3208 vel
750 3148 843 3207 mulae
856 3166 894 3208 ex
909 3147 977 3206 oleo
988 3163 1065 3220 mvr-

30 3245 56 3286 as
66 3238 126 3304 teo,
141 3239 306 3307 praeterea,
323 3241 353 3292 ut
367 3231 461 3292 Varro
478 3241 578 3291 noster
590 3229 685 3306 tradit,
701 3233 840 3291 murinum
858 3233 967 3304 limum,
988 3227 1066 3309 quod

65 3311 142 3371 idem
156 3312 323 3376 muscerdas
339 3313 486 3394 appellat,
504 3324 533 3374 et
548 3332 708 3376 muscarum
724 3316 818 3393 capita
839 3314 965 3373 recentia
985 3314 1065 3391 prius

66 3395 139 3456 folio
166 3396 290 3457 ficulneo
317 3406 477 3479 asperatas.
511 3398 561 3459 alii
586 3401 725 3475 sanguine
752 3414 913 3458 muscarum
939 3404 1066 3470 utuntur,

65 3479 114 3541 alii
130 3476 233 3540 decem
247 3480 347 3542 dicbus
360 3483 488 3543 cinerem
505 3500 603 3544 earnm
616 3481 737 3542 inlinunt
754 3498 822 3543 cnm
836 3482 943 3540 cinere
956 3479 1090 3536 murras

118 3585 187 3628 acm.
206 3586 269 3626 unr.
285 3585 354 3629 nrsr.
377 3571 425 3632 tv.
880 3563 926 3621 Χῖ)
