2400 3840
138 180 157 238 6
280 222 282 225 -
496 188 633 236 comm
650 188 800 237 snunnnr

138 351 204 404 sent
230 340 488 420 inponendusque,
519 343 672 419 vinumque
701 350 730 402 et
758 350 871 402 acetum
897 360 936 401 ex
964 342 1136 407 bisfactum

138 426 307 486 auxiliarem
322 432 423 485 contra
439 423 539 483 eadem
555 426 611 483 vim
625 424 721 485 habet.

96 524 128 574 ιι
204 509 285 588 (12.)
315 503 378 566 Uva
391 525 476 585 passa
490 524 572 584 quam
584 507 732 606 astaphida
743 517 849 568 vocant
862 509 1049 587 stomachum,
1068 530 1136 572 ven·

137 658 232 737 nuclei
257 682 374 751 essent,
404 674 441 733 iis
463 676 605 752 exemptis
627 676 744 735 vesicae
764 675 843 734 utilis
866 674 988 735 habetur
1010 685 1040 736 et
1062 680 1157 744 tussis

136 760 201 819 alba
219 759 329 835 utilior,
354 717 432 818 u'tilis
448 765 478 817 et
495 759 620 817 arteriae
638 758 810 835 etrenibus,
826 760 900 818 sicut
913 757 1006 818 exhis
1018 777 1134 838 passum

95 854 127 907 16
139 845 273 921 privatim
288 860 304 900 e
320 841 506 919 serpentibus
524 849 624 901 contra
639 841 859 901 haemorrhoida
871 850 985 920 putens.
1018 846 1134 904 testium

136 925 349 985 inllammatiuni
375 943 438 984 cum
465 926 556 984 farina
585 926 687 983 cumini
712 933 760 985 aut
782 925 925 984 coriandri
947 926 1133 1004 inponuntur,

136 1012 206 1068 item
222 1007 415 1084 carbunculis,
432 1006 603 1067 articulariis
618 1007 739 1084 morbis,
757 1009 820 1067 sine
838 1008 949 1067 nucleis
969 1011 1054 1069 tritae
1071 1028 1135 1070 cum

136 1101 207 1151 ruta.
224 1094 328 1151 fovere
345 1099 412 1151 ante
427 1092 494 1151 vinu
513 1089 612 1150 ulcera
631 1099 757 1169 oportet.
785 1098 890 1151 vsanant
905 1092 1085 1170 epinyctidas
1104 1103 1133 1154 ot
1144 1125 1168 1166 ω

135 1178 214 1234 ceria
241 1182 270 1234 et
295 1174 481 1250 dysinteriam
502 1191 565 1232 curn
585 1176 645 1234 suis
668 1175 786 1234 nucleis.
835 1183 866 1234 et
888 1176 917 1234 in
942 1173 1009 1235 ulcu
1031 1185 1132 1237 coctae

135 1260 310 1336 gangraenis
326 1256 482 1317 inlinuntur
498 1276 560 1316 cum
575 1259 685 1318 cortice
696 1257 814 1335 raphani
830 1266 860 1318 et
873 1257 970 1318 melle.
994 1259 1132 1337 podagris

137 1352 166 1402 et
187 1343 322 1420 unguium
343 1340 498 1401 mobilibus
519 1359 583 1400 cum
604 1359 713 1421 panace
738 1350 768 1401 et
785 1359 840 1419 per
857 1360 889 1401 se
907 1341 941 1400 ad
956 1343 1134 1419 purgandum

135 1444 168 1487 us
185 1435 327 1504 caputque
343 1443 406 1484 cum
423 1427 526 1504 pipere
542 1426 809 1486 conmanducantnr.

92 1520 124 1573 17
198 1510 279 1589 (13.)
316 1508 454 1587 hstapbis
470 1510 549 1585 agria
564 1511 627 1568 sive
645 1509 771 1586 staphis,
788 1524 871 1585 quam
887 1525 970 1567 uvam
990 1509 1167 1569 taminiamrs

134 1593 220 1670 aliqui
236 1601 341 1652 vocant
356 1590 442 1667 lalso,
458 1609 539 1650 suum
556 1593 631 1650 enim
644 1609 737 1668 genus
753 1589 852 1667 habet,
869 1589 1056 1650 cauliculis
1028 1593 1132 1669 nigris,

133 1678 240 1752 rectis,
268 1675 346 1734 loliis
368 1672 537 1749 labruscae,
565 1675 624 1733 [ιιι
641 1673 789 1734 folliculos
805 1676 904 1733 verius
922 1691 1005 1752 quam
1021 1676 1132 1752 acinus,

133 1757 251 1834 viridis,
268 1757 369 1817 similis
387 1758 487 1832 ciceri,
505 1759 535 1816 in
550 1756 594 1816 his
612 1756 743 1816 nucleum
758 1757 937 1834 triangulum.
966 1760 1132 1819 maturescit

134 1860 197 1900 cum
216 1841 357 1901 vindemia
381 1841 597 1918 nigrescitque,
624 1859 687 1900 cum
708 1842 840 1900 taminiae
857 1841 988 1900 rubentis
1003 1843 1132 1901 norimus

134 1927 231 1984 acinus
256 1926 435 2001 sciamusque
460 1923 538 1983 illam
558 1927 588 1983 in
608 1926 712 2003 apricis
734 1925 830 2000 nasci,
854 1922 927 1982 hanc
948 1941 1005 1983 non
1025 1925 1082 1984 nisi
1102 1927 1166 1986 inae

134 2010 242 2087 opacis.
267 2008 312 2067 his
327 2006 438 2067 nucleis
451 2005 485 2066 ad
496 2010 697 2086 purgationem
710 2009 750 2067 uti
764 2024 822 2066 nun
834 2008 998 2066 censuerim
1007 2017 1132 2086 propter

134 2095 288 2170 ancipitem
303 2091 569 2168 strangulationem,
586 2109 681 2170 neque
697 2090 731 2150 ad
745 2091 876 2170 pituitam
888 2091 947 2149 uris
959 2090 1131 2166 siccandam,

92 2177 201 2252 asquia
221 2176 311 2234 laucis
336 2174 460 2233 laedunt.
489 2175 641 2252 phthiriasi
662 2183 747 2254 caput
768 2182 798 2233 et
813 2172 932 2233 relicum
949 2191 1054 2252 corpus
1071 2176 1131 2234 triti

132 2259 274 2333 liberant,
298 2257 410 2317 facilius
434 2257 558 2317 admixta
573 2258 744 2333 sandaraca,
764 2259 834 2317 item
848 2257 961 2335 pruritu
977 2266 1007 2317 et
1022 2260 1129 2335 psoris.

132 2343 167 2402 ad
189 2339 316 2400 dentium
338 2339 456 2399 dolores
482 2339 659 2401 decocuntur
681 2343 710 2400 in
734 2349 835 2416 aceto,
861 2337 896 2398 ad
918 2342 1027 2399 aurium
1048 2343 1164 2416 vitiasts

132 2425 352 2485 rheumatismos
375 2425 555 2500 cicatricum,
580 2425 708 2484 ulcerum
728 2424 877 2483 manantia.
913 2421 968 2483 tlos
990 2425 1076 2485 tritus
1100 2427 1130 2483 in

131 2511 199 2568 vinu
220 2516 322 2568 contra
337 2509 483 2585 serpentis
499 2508 623 2584 bibitur,
646 2527 745 2567 semen
762 2508 837 2568 enim
853 2504 1047 2566 abdicaverim
1062 2525 1129 2586 pro-

131 2601 198 2672 pter
215 2594 328 2651 nimiam
350 2593 407 2650 vim
435 2591 555 2653 ardoris.
599 2592 711 2669 quidam
734 2608 797 2651 eam
816 2590 991 2668 pituitariam
1015 2598 1128 2651 vocant.

131 2676 225 2755 plagis
240 2676 419 2753 serpentium
432 2678 531 2753 utique
548 2675 676 2735 inlinunt

90 2772 122 2825 19
196 2757 277 2836 (14.)
307 2757 577 2856 habrusuaquuque
590 2757 753 2818 oenanthen
764 2757 822 2817 [ιιι
837 2758 906 2817 satis
918 2756 1037 2832 dictam,
1055 2775 1163 2835 quaeq,

131 2862 147 2903 a
169 2839 288 2900 Graecis
306 2840 436 2918 ampelos
455 2842 534 2916 agria
548 2835 712 2918 appellata,
742 2842 845 2918 spissis
864 2849 895 2900 et
913 2838 1128 2900 candicantibus

130 2925 226 3000 [οΙίἰι,
250 2922 430 3001 geniculata,
457 2925 565 2983 rimoso
590 2925 718 3000 cortice,
744 2925 803 2984 [ιιι
817 2941 887 2983 uvas
903 2923 1034 2983 rubentis
1049 2926 1130 2984 coeci

130 3008 227 3082 mudu,
245 3024 318 3084 qnae
328 3009 445 3067 cutem
436 3025 465 3065 ιι
477 3008 552 3068 facie
564 3006 712 3070 mulierum
724 3014 848 3085 purgant
862 3016 892 3066 et
905 3023 1003 3082 varos,
1022 3024 1129 3067 coxen-

131 3093 224 3152 dicum
247 3098 277 3150 ιι
295 3090 454 3152 lumburum
472 3092 551 3150 vitiis
569 3099 669 3151 tunsae
687 3109 751 3150 cum
767 3090 846 3150 loliis
862 3098 892 3149 et
910 3107 979 3148 sucu
996 3099 1127 3169 prosunt.

130 3177 212 3236 radix
227 3174 349 3235 decocta
364 3177 395 3234 in
407 3192 480 3253 aqua
494 3184 563 3252 puta
574 3177 603 3234 in
614 3175 673 3233 vini
684 3172 737 3235 Gui
750 3173 860 3249 cyathis
873 3171 985 3234 duobus
998 3191 1128 3234 umorem
1138 3193 1162 3234 as

131 3262 187 3320 alvi
203 3260 272 3336 ciet,
288 3259 355 3319 ideu
370 3259 535 3336 hydropicis
554 3258 643 3317 datur.
672 3257 744 3317 hanc
759 3257 856 3334 potius
871 3254 1045 3316 crediderim
1060 3275 1128 3318 esse

87 3355 218 3422 acquam
235 3342 340 3419 volgus
356 3360 438 3402 uvam
453 3343 595 3402 taminiam
609 3349 703 3401 vocat.
736 3347 854 3399 utuntur
874 3357 909 3398 ea
930 3356 984 3417 pru
1001 3339 1128 3401 amuleto

131 3436 160 3486 ct
178 3428 213 3487 ad
227 3427 457 3504 exspiatiunem,
470 3423 506 3458 ³³*
522 3426 668 3502 sanguinis
685 3441 799 3502 quoque
812 3421 965 3498 adhibent,
982 3441 1040 3483 nun
1053 3418 1172 3485 ultra
