<?xml version="1.0" encoding="UTF-8"?>
<!DOCTYPE html PUBLIC "-//W3C//DTD XHTML 1.0 Transitional//EN"
    "http://www.w3.org/TR/xhtml1/DTD/xhtml1-transitional.dtd">
<html xmlns="http://www.w3.org/1999/xhtml" xml:lang="en" lang="en">
 <head>
  <title>
</title>
<meta http-equiv="Content-Type" content="text/html;charset=utf-8" />
  <meta name='ocr-system' content='tesseract 3.04.00' />
  <meta name='ocr-capabilities' content='ocr_page ocr_carea ocr_par ocr_line ocrx_word'/>
</head>
<body>
  <div class='ocr_page' id='page_1' title='image "./cplinisecundina06plingoog_0240.png"; bbox 0 0 2400 3840; ppageno 0'>
   <div class='ocr_carea' id='block_1_1' title="bbox 310 183 1085 263">
    <p class='ocr_par' dir='ltr' id='par_1_1' title="bbox 310 183 1085 263">
     <span class='ocr_line' id='line_1_1' title="bbox 310 183 1085 263; baseline 0.003 -18"><span class='ocrx_word' id='word_1_1' title='bbox 310 198 390 245; x_wconf 82' lang='lat' dir='ltr'><strong>nnr.</strong></span> <span class='ocrx_word' id='word_1_2' title='bbox 406 196 496 245; x_wconf 82' lang='lat' dir='ltr'><strong>rursu.</strong></span> <span class='ocrx_word' id='word_1_3' title='bbox 516 194 638 242; x_wconf 87' lang='lat' dir='ltr'><strong>xxv111.</strong></span> <span class='ocrx_word' id='word_1_4' title='bbox 658 192 684 244; x_wconf 84' lang='lat'><strong>4.</strong></span> <span class='ocrx_word' id='word_1_5' title='bbox 708 183 860 263; x_wconf 48' lang='lat' dir='ltr'><strong>(ronta.)</strong></span> <span class='ocrx_word' id='word_1_6' title='bbox 1026 187 1085 247; x_wconf 82' lang='lat'><strong>165</strong></span> 
     </span>
    </p>
   </div>
   <div class='ocr_carea' id='block_1_2' title="bbox 53 349 1131 3522">
    <p class='ocr_par' dir='ltr' id='par_1_2' title="bbox 94 349 1086 599">
     <span class='ocr_line' id='line_1_2' title="bbox 95 349 1086 430; baseline 0 -17"><span class='ocrx_word' id='word_1_7' title='bbox 95 352 193 428; x_wconf 88' lang='lat' dir='ltr'><strong>cibus,</strong></span> <span class='ocrx_word' id='word_1_8' title='bbox 216 352 321 412; x_wconf 91' lang='lat' dir='ltr'><strong>cadere</strong></span> <span class='ocrx_word' id='word_1_9' title='bbox 337 354 482 430; x_wconf 87' lang='lat' dir='ltr'><strong>inaquam</strong></span> <span class='ocrx_word' id='word_1_10' title='bbox 499 352 631 411; x_wconf 88' lang='lat' dir='ltr'><strong>demissis</strong></span> <span class='ocrx_word' id='word_1_11' title='bbox 650 349 784 427; x_wconf 82' lang='lat' dir='ltr'><strong>frigidam</strong></span> <span class='ocrx_word' id='word_1_12' title='bbox 806 349 945 429; x_wconf 90' lang='lat' dir='ltr'><strong>pedibus,</strong></span> <span class='ocrx_word' id='word_1_13' title='bbox 969 354 994 412; x_wconf 92' lang='lat' dir='ltr'><strong>si</strong></span> <span class='ocrx_word' id='word_1_14' title='bbox 1014 370 1086 413; x_wconf 87' lang='lat' dir='ltr'><strong>vero</strong></span> 
     </span>
     <span class='ocr_line' id='line_1_3' title="bbox 95 434 1086 514; baseline 0.001 -18"><span class='ocrx_word' id='word_1_15' title='bbox 95 456 133 496; x_wconf 79' lang='lat' dir='ltr'><strong>ex</strong></span> <span class='ocrx_word' id='word_1_16' title='bbox 149 437 214 496; x_wconf 90' lang='lat' dir='ltr'><strong>aliis</strong></span> <span class='ocrx_word' id='word_1_17' title='bbox 230 436 355 513; x_wconf 91' lang='lat' dir='ltr'><strong>ossibus,</strong></span> <span class='ocrx_word' id='word_1_18' title='bbox 369 435 501 513; x_wconf 77' lang='lat' dir='ltr'><strong>inpositis</strong></span> <span class='ocrx_word' id='word_1_19' title='bbox 516 436 602 514; x_wconf 92' lang='lat' dir='ltr'><strong>capiti</strong></span> <span class='ocrx_word' id='word_1_20' title='bbox 618 453 656 494; x_wconf 85' lang='lat' dir='ltr'><strong>ex</strong></span> <span class='ocrx_word' id='word_1_21' title='bbox 677 434 782 494; x_wconf 90' lang='lat' dir='ltr'><strong>eodem</strong></span> <span class='ocrx_word' id='word_1_22' title='bbox 803 452 873 496; x_wconf 89' lang='lat' dir='ltr'><strong>vase</strong></span> <span class='ocrx_word' id='word_1_23' title='bbox 890 436 1037 514; x_wconf 86' lang='lat' dir='ltr'><strong>ossiculis,</strong></span> <span class='ocrx_word' id='word_1_24' title='bbox 1061 439 1086 497; x_wconf 93' lang='lat' dir='ltr'><strong>si</strong></span> 
     </span>
     <span class='ocr_line' id='line_1_4' title="bbox 94 518 1033 599; baseline -0.001 -20"><span class='ocrx_word' id='word_1_25' title='bbox 94 521 176 599; x_wconf 93' lang='lat' dir='ltr'><strong>panis</strong></span> <span class='ocrx_word' id='word_1_26' title='bbox 191 519 321 594; x_wconf 90' lang='lat' dir='ltr'><strong>haereat,</strong></span> <span class='ocrx_word' id='word_1_27' title='bbox 339 537 376 579; x_wconf 85' lang='lat' dir='ltr'><strong>ex</strong></span> <span class='ocrx_word' id='word_1_28' title='bbox 392 518 494 578; x_wconf 89' lang='lat' dir='ltr'><strong>eodem</strong></span> <span class='ocrx_word' id='word_1_29' title='bbox 511 519 539 579; x_wconf 90' lang='lat' dir='ltr'><strong>in</strong></span> <span class='ocrx_word' id='word_1_30' title='bbox 557 529 705 598; x_wconf 90' lang='lat' dir='ltr'><strong>utramque</strong></span> <span class='ocrx_word' id='word_1_31' title='bbox 719 536 818 578; x_wconf 90' lang='lat' dir='ltr'><strong>aurern</strong></span> <span class='ocrx_word' id='word_1_32' title='bbox 835 518 931 579; x_wconf 89' lang='lat' dir='ltr'><strong>addito</strong></span> <span class='ocrx_word' id='word_1_33' title='bbox 950 537 1033 598; x_wconf 90' lang='lat' dir='ltr'><strong>pane.</strong></span> 
     </span>
    </p>

    <p class='ocr_par' dir='ltr' id='par_1_3' title="bbox 157 601 1129 681">
     <span class='ocr_line' id='line_1_5' title="bbox 157 601 1129 681; baseline 0.008 -20"><span class='ocrx_word' id='word_1_34' title='bbox 157 603 239 681; x_wconf 83' lang='lat'><strong>(13.)</strong></span> <span class='ocrx_word' id='word_1_35' title='bbox 264 604 337 677; x_wconf 82' lang='lat' dir='ltr'><strong>Quin</strong></span> <span class='ocrx_word' id='word_1_36' title='bbox 354 611 383 661; x_wconf 90' lang='lat' dir='ltr'><strong>et</strong></span> <span class='ocrx_word' id='word_1_37' title='bbox 399 602 494 663; x_wconf 90' lang='lat' dir='ltr'><strong>sordis</strong></span> <span class='ocrx_word' id='word_1_38' title='bbox 513 601 634 664; x_wconf 90' lang='lat' dir='ltr'><strong>hominis</strong></span> <span class='ocrx_word' id='word_1_39' title='bbox 649 603 676 662; x_wconf 89' lang='lat' dir='ltr'><strong>in</strong></span> <span class='ocrx_word' id='word_1_40' title='bbox 695 602 805 680; x_wconf 88' lang='lat' dir='ltr'><strong>mugnis</strong></span> <span class='ocrx_word' id='word_1_41' title='bbox 825 603 925 663; x_wconf 86' lang='lat' dir='ltr'><strong>fecere</strong></span> <span class='ocrx_word' id='word_1_42' title='bbox 946 602 1081 664; x_wconf 82' lang='lat' dir='ltr'><strong>remediis</strong></span> <span class='ocrx_word' id='word_1_43' title='bbox 1094 616 1129 669; x_wconf 78' lang='lat' dir='ltr'><strong>to</strong></span> 
     </span>
    </p>

    <p class='ocr_par' dir='ltr' id='par_1_4' title="bbox 71 685 1087 1100">
     <span class='ocr_line' id='line_1_6' title="bbox 71 685 1086 766; baseline -0.002 -16"><span class='ocrx_word' id='word_1_44' title='bbox 71 695 335 765; x_wconf 82' lang='lat' dir='ltr'><strong>squaestuosorum</strong></span> <span class='ocrx_word' id='word_1_45' title='bbox 358 686 507 763; x_wconf 78' lang='lat' dir='ltr'><strong>gymnasia</strong></span> <span class='ocrx_word' id='word_1_46' title='bbox 522 685 713 763; x_wconf 85' lang='lat' dir='ltr'><strong>Graecorum,</strong></span> <span class='ocrx_word' id='word_1_47' title='bbox 738 688 846 766; x_wconf 89' lang='lat' dir='ltr'><strong>quippe</strong></span> <span class='ocrx_word' id='word_1_48' title='bbox 867 704 901 746; x_wconf 91' lang='lat' dir='ltr'><strong>ea</strong></span> <span class='ocrx_word' id='word_1_49' title='bbox 918 687 1086 763; x_wconf 72' lang='lat' dir='ltr'><strong>strigmenta</strong></span> 
     </span>
     <span class='ocr_line' id='line_1_7' title="bbox 93 769 1085 847; baseline 0.001 -19"><span class='ocrx_word' id='word_1_50' title='bbox 93 769 238 845; x_wconf 88' lang='lat' dir='ltr'><strong>molliunt,</strong></span> <span class='ocrx_word' id='word_1_51' title='bbox 261 771 448 845; x_wconf 76' lang='lat' dir='ltr'><strong>calefaciunt,</strong></span> <span class='ocrx_word' id='word_1_52' title='bbox 471 769 642 844; x_wconf 88' lang='lat' dir='ltr'><strong>discutiunt,</strong></span> <span class='ocrx_word' id='word_1_53' title='bbox 661 769 814 847; x_wconf 78' lang='lat' dir='ltr'><strong>conplent,</strong></span> <span class='ocrx_word' id='word_1_54' title='bbox 837 770 945 830; x_wconf 90' lang='lat' dir='ltr'><strong>sudore</strong></span> <span class='ocrx_word' id='word_1_55' title='bbox 967 779 995 830; x_wconf 91' lang='lat' dir='ltr'><strong>et</strong></span> <span class='ocrx_word' id='word_1_56' title='bbox 1016 771 1085 831; x_wconf 91' lang='lat' dir='ltr'><strong>oleo</strong></span> 
     </span>
     <span class='ocr_line' id='line_1_8' title="bbox 93 852 1086 932; baseline 0.003 -21"><span class='ocrx_word' id='word_1_57' title='bbox 93 852 262 912; x_wconf 90' lang='lat' dir='ltr'><strong>medicinam</strong></span> <span class='ocrx_word' id='word_1_58' title='bbox 280 853 461 914; x_wconf 87' lang='lat' dir='ltr'><strong>iacientibus.</strong></span> <span class='ocrx_word' id='word_1_59' title='bbox 491 854 586 913; x_wconf 88' lang='lat' dir='ltr'><strong>volvis</strong></span> <span class='ocrx_word' id='word_1_60' title='bbox 605 853 782 912; x_wconf 84' lang='lat' dir='ltr'><strong>inflammatis</strong></span> <span class='ocrx_word' id='word_1_61' title='bbox 807 854 1021 932; x_wconf 87' lang='lat' dir='ltr'><strong>contractisque</strong></span> <span class='ocrx_word' id='word_1_62' title='bbox 1038 854 1086 914; x_wconf 91' lang='lat' dir='ltr'><strong>ad·</strong></span> 
     </span>
     <span class='ocr_line' id='line_1_9' title="bbox 94 935 1086 1014; baseline 0.003 -20"><span class='ocrx_word' id='word_1_63' title='bbox 94 945 254 996; x_wconf 86' lang='lat' dir='ltr'><strong>moventur.</strong></span> <span class='ocrx_word' id='word_1_64' title='bbox 277 939 320 997; x_wconf 89' lang='lat' dir='ltr'><strong>sic</strong></span> <span class='ocrx_word' id='word_1_65' title='bbox 337 947 367 998; x_wconf 90' lang='lat' dir='ltr'><strong>et</strong></span> <span class='ocrx_word' id='word_1_66' title='bbox 379 954 496 996; x_wconf 89' lang='lat' dir='ltr'><strong>menses</strong></span> <span class='ocrx_word' id='word_1_67' title='bbox 511 939 604 1014; x_wconf 91' lang='lat' dir='ltr'><strong>cient,</strong></span> <span class='ocrx_word' id='word_1_68' title='bbox 627 936 705 996; x_wconf 89' lang='lat' dir='ltr'><strong>sedis</strong></span> <span class='ocrx_word' id='word_1_69' title='bbox 719 935 953 997; x_wconf 80' lang='lat' dir='ltr'><strong>inflammationes</strong></span> <span class='ocrx_word' id='word_1_70' title='bbox 970 946 1000 997; x_wconf 92' lang='lat' dir='ltr'><strong>et</strong></span> <span class='ocrx_word' id='word_1_71' title='bbox 1018 955 1086 997; x_wconf 91' lang='lat' dir='ltr'><strong>con·</strong></span> 
     </span>
     <span class='ocr_line' id='line_1_10' title="bbox 95 1019 1087 1100; baseline 0.003 -21"><span class='ocrx_word' id='word_1_72' title='bbox 95 1019 237 1094; x_wconf 76' lang='lat' dir='ltr'><strong>dylomata</strong></span> <span class='ocrx_word' id='word_1_73' title='bbox 252 1021 369 1098; x_wconf 89' lang='lat' dir='ltr'><strong>leniunt,</strong></span> <span class='ocrx_word' id='word_1_74' title='bbox 384 1021 451 1080; x_wconf 89' lang='lat' dir='ltr'><strong>item</strong></span> <span class='ocrx_word' id='word_1_75' title='bbox 468 1038 622 1081; x_wconf 89' lang='lat' dir='ltr'><strong>nervorum</strong></span> <span class='ocrx_word' id='word_1_76' title='bbox 639 1019 766 1096; x_wconf 90' lang='lat' dir='ltr'><strong>dolores,</strong></span> <span class='ocrx_word' id='word_1_77' title='bbox 782 1019 888 1100; x_wconf 82' lang='lat' dir='ltr'><strong>luxata,</strong></span> <span class='ocrx_word' id='word_1_78' title='bbox 902 1021 1087 1083; x_wconf 88' lang='lat' dir='ltr'><strong>articulorum</strong></span> 
     </span>
    </p>

    <p class='ocr_par' dir='ltr' id='par_1_5' title="bbox 59 1103 1130 1515">
     <span class='ocr_line' id='line_1_11' title="bbox 59 1103 1127 1181; baseline 0.007 -17"><span class='ocrx_word' id='word_1_79' title='bbox 59 1135 84 1175; x_wconf 78' lang='lat'><strong>10</strong></span> <span class='ocrx_word' id='word_1_80' title='bbox 94 1104 196 1165; x_wconf 89' lang='lat' dir='ltr'><strong>nodos.</strong></span> <span class='ocrx_word' id='word_1_81' title='bbox 227 1104 394 1165; x_wconf 87' lang='lat' dir='ltr'><strong>eldcaciora</strong></span> <span class='ocrx_word' id='word_1_82' title='bbox 411 1103 512 1164; x_wconf 89' lang='lat' dir='ltr'><strong>eadem</strong></span> <span class='ocrx_word' id='word_1_83' title='bbox 532 1106 700 1181; x_wconf 77' lang='lat' dir='ltr'><strong>strigmenta</strong></span> <span class='ocrx_word' id='word_1_84' title='bbox 717 1123 733 1163; x_wconf 90' lang='lat' dir='ltr'><strong>a</strong></span> <span class='ocrx_word' id='word_1_85' title='bbox 748 1103 885 1181; x_wconf 82' lang='lat' dir='ltr'><strong>balineis,</strong></span> <span class='ocrx_word' id='word_1_86' title='bbox 908 1115 937 1165; x_wconf 90' lang='lat' dir='ltr'><strong>et</strong></span> <span class='ocrx_word' id='word_1_87' title='bbox 952 1105 1019 1167; x_wconf 91' lang='lat' dir='ltr'><strong>ideo</strong></span> <span class='ocrx_word' id='word_1_88' title='bbox 1033 1107 1083 1166; x_wconf 91' lang='lat' dir='ltr'><strong>mi·</strong></span> <span class='ocrx_word' id='word_1_89' title='bbox 1095 1117 1127 1171; x_wconf 81' lang='lat'><strong>51</strong></span> 
     </span>
     <span class='ocr_line' id='line_1_12' title="bbox 94 1187 1087 1267; baseline 0.003 -20"><span class='ocrx_word' id='word_1_90' title='bbox 94 1197 210 1248; x_wconf 88' lang='lat' dir='ltr'><strong>scentur</strong></span> <span class='ocrx_word' id='word_1_91' title='bbox 230 1187 441 1267; x_wconf 80' lang='lat' dir='ltr'><strong>suppuratoriis</strong></span> <span class='ocrx_word' id='word_1_92' title='bbox 459 1187 685 1247; x_wconf 77' lang='lat' dir='ltr'><strong>medicamentis</strong></span> <span class='ocrx_word' id='word_1_93' title='bbox 724 1205 788 1246; x_wconf 90' lang='lat' dir='ltr'><strong>nam</strong></span> <span class='ocrx_word' id='word_1_94' title='bbox 814 1187 862 1247; x_wconf 90' lang='lat' dir='ltr'><strong>illa</strong></span> <span class='ocrx_word' id='word_1_95' title='bbox 890 1207 964 1266; x_wconf 92' lang='lat' dir='ltr'><strong>quae</strong></span> <span class='ocrx_word' id='word_1_96' title='bbox 985 1201 1049 1250; x_wconf 90' lang='lat' dir='ltr'><strong>sunt</strong></span> <span class='ocrx_word' id='word_1_97' title='bbox 1070 1210 1087 1250; x_wconf 92' lang='lat' dir='ltr'><strong>e</strong></span> 
     </span>
     <span class='ocr_line' id='line_1_13' title="bbox 95 1270 1086 1349; baseline 0.004 -20"><span class='ocrx_word' id='word_1_98' title='bbox 95 1279 241 1330; x_wconf 86' lang='lat' dir='ltr'><strong>ceromate</strong></span> <span class='ocrx_word' id='word_1_99' title='bbox 263 1271 405 1349; x_wconf 81' lang='lat' dir='ltr'><strong>permixta</strong></span> <span class='ocrx_word' id='word_1_100' title='bbox 422 1288 516 1330; x_wconf 93' lang='lat' dir='ltr'><strong>coeno</strong></span> <span class='ocrx_word' id='word_1_101' title='bbox 536 1270 675 1331; x_wconf 86' lang='lat' dir='ltr'><strong>articulos</strong></span> <span class='ocrx_word' id='word_1_102' title='bbox 690 1279 795 1330; x_wconf 89' lang='lat' dir='ltr'><strong>tantum</strong></span> <span class='ocrx_word' id='word_1_103' title='bbox 814 1271 960 1347; x_wconf 91' lang='lat' dir='ltr'><strong>molliunt,</strong></span> <span class='ocrx_word' id='word_1_104' title='bbox 981 1274 1086 1333; x_wconf 87' lang='lat' dir='ltr'><strong>caleia-</strong></span> 
     </span>
     <span class='ocr_line' id='line_1_14' title="bbox 95 1352 1130 1430; baseline 0.005 -17"><span class='ocrx_word' id='word_1_105' title='bbox 95 1355 183 1429; x_wconf 83' lang='lat' dir='ltr'><strong>ciunt,</strong></span> <span class='ocrx_word' id='word_1_106' title='bbox 198 1353 351 1413; x_wconf 90' lang='lat' dir='ltr'><strong>discutiunt</strong></span> <span class='ocrx_word' id='word_1_107' title='bbox 368 1353 527 1430; x_wconf 89' lang='lat' dir='ltr'><strong>eilicacius,</strong></span> <span class='ocrx_word' id='word_1_108' title='bbox 546 1352 599 1414; x_wconf 91' lang='lat' dir='ltr'><strong>sed</strong></span> <span class='ocrx_word' id='word_1_109' title='bbox 614 1353 649 1412; x_wconf 92' lang='lat' dir='ltr'><strong>ad</strong></span> <span class='ocrx_word' id='word_1_110' title='bbox 666 1362 763 1413; x_wconf 91' lang='lat' dir='ltr'><strong>cetera</strong></span> <span class='ocrx_word' id='word_1_111' title='bbox 781 1355 872 1412; x_wconf 90' lang='lat' dir='ltr'><strong>minus</strong></span> <span class='ocrx_word' id='word_1_112' title='bbox 888 1355 995 1415; x_wconf 89' lang='lat' dir='ltr'><strong>valent.</strong></span> <span class='ocrx_word' id='word_1_113' title='bbox 1026 1356 1084 1415; x_wconf 83' lang='lat' dir='ltr'><strong>Ex·</strong></span> <span class='ocrx_word' id='word_1_114' title='bbox 1095 1367 1130 1420; x_wconf 76' lang='lat'><strong>52</strong></span> 
     </span>
     <span class='ocr_line' id='line_1_15' title="bbox 96 1435 1086 1515; baseline 0.003 -20"><span class='ocrx_word' id='word_1_115' title='bbox 96 1437 174 1497; x_wconf 90' lang='lat' dir='ltr'><strong>cedit</strong></span> <span class='ocrx_word' id='word_1_116' title='bbox 189 1435 273 1496; x_wconf 83' lang='lat' dir='ltr'><strong>fldem</strong></span> <span class='ocrx_word' id='word_1_117' title='bbox 288 1437 429 1514; x_wconf 90' lang='lat' dir='ltr'><strong>inpudens</strong></span> <span class='ocrx_word' id='word_1_118' title='bbox 451 1454 518 1497; x_wconf 92' lang='lat' dir='ltr'><strong>cura</strong></span> <span class='ocrx_word' id='word_1_119' title='bbox 537 1455 591 1515; x_wconf 89' lang='lat' dir='ltr'><strong>qua</strong></span> <span class='ocrx_word' id='word_1_120' title='bbox 614 1436 708 1497; x_wconf 91' lang='lat' dir='ltr'><strong>sordis</strong></span> <span class='ocrx_word' id='word_1_121' title='bbox 730 1436 872 1498; x_wconf 87' lang='lat' dir='ltr'><strong>virilitatis</strong></span> <span class='ocrx_word' id='word_1_122' title='bbox 890 1447 990 1498; x_wconf 88' lang='lat' dir='ltr'><strong>contra</strong></span> <span class='ocrx_word' id='word_1_123' title='bbox 1006 1455 1086 1498; x_wconf 91' lang='lat' dir='ltr'><strong>scor·</strong></span> 
     </span>
    </p>

    <p class='ocr_par' dir='ltr' id='par_1_6' title="bbox 58 1520 1087 1935">
     <span class='ocr_line' id='line_1_16' title="bbox 58 1520 1086 1600; baseline 0.002 -20"><span class='ocrx_word' id='word_1_124' title='bbox 58 1523 211 1600; x_wconf 79' lang='lat' dir='ltr'><strong>15pionum</strong></span> <span class='ocrx_word' id='word_1_125' title='bbox 227 1522 301 1579; x_wconf 89' lang='lat' dir='ltr'><strong>ictus</strong></span> <span class='ocrx_word' id='word_1_126' title='bbox 313 1521 466 1596; x_wconf 88' lang='lat' dir='ltr'><strong>singularis</strong></span> <span class='ocrx_word' id='word_1_127' title='bbox 483 1521 591 1581; x_wconf 87' lang='lat' dir='ltr'><strong>remedi</strong></span> <span class='ocrx_word' id='word_1_128' title='bbox 607 1520 791 1580; x_wconf 83' lang='lat' dir='ltr'><strong>celeberrimi</strong></span> <span class='ocrx_word' id='word_1_129' title='bbox 804 1530 938 1581; x_wconf 90' lang='lat' dir='ltr'><strong>auctores</strong></span> <span class='ocrx_word' id='word_1_130' title='bbox 952 1521 1086 1600; x_wconf 91' lang='lat' dir='ltr'><strong>clamant,</strong></span> 
     </span>
     <span class='ocr_line' id='line_1_17' title="bbox 94 1603 1086 1687; baseline 0.003 -23"><span class='ocrx_word' id='word_1_131' title='bbox 94 1622 193 1664; x_wconf 90' lang='lat' dir='ltr'><strong>rursus</strong></span> <span class='ocrx_word' id='word_1_132' title='bbox 216 1603 245 1662; x_wconf 91' lang='lat' dir='ltr'><strong>in</strong></span> <span class='ocrx_word' id='word_1_133' title='bbox 273 1604 385 1664; x_wconf 88' lang='lat' dir='ltr'><strong>leminis</strong></span> <span class='ocrx_word' id='word_1_134' title='bbox 406 1622 476 1682; x_wconf 91' lang='lat' dir='ltr'><strong>quas</strong></span> <span class='ocrx_word' id='word_1_135' title='bbox 502 1605 648 1665; x_wconf 80' lang='lat' dir='ltr'><strong>infantium</strong></span> <span class='ocrx_word' id='word_1_136' title='bbox 671 1606 737 1665; x_wconf 89' lang='lat' dir='ltr'><strong>alvo</strong></span> <span class='ocrx_word' id='word_1_137' title='bbox 762 1604 854 1664; x_wconf 92' lang='lat' dir='ltr'><strong>editas</strong></span> <span class='ocrx_word' id='word_1_138' title='bbox 871 1607 899 1665; x_wconf 90' lang='lat' dir='ltr'><strong>in</strong></span> <span class='ocrx_word' id='word_1_139' title='bbox 916 1615 1000 1667; x_wconf 88' lang='lat' dir='ltr'><strong>utero</strong></span> <span class='ocrx_word' id='word_1_140' title='bbox 1021 1609 1086 1687; x_wconf 92' lang='lat' dir='ltr'><strong>ipso</strong></span> 
     </span>
     <span class='ocr_line' id='line_1_18' title="bbox 96 1687 1086 1766; baseline 0.005 -19"><span class='ocrx_word' id='word_1_141' title='bbox 96 1696 195 1747; x_wconf 91' lang='lat' dir='ltr'><strong>contra</strong></span> <span class='ocrx_word' id='word_1_142' title='bbox 210 1687 388 1747; x_wconf 85' lang='lat' dir='ltr'><strong>sterilitatem</strong></span> <span class='ocrx_word' id='word_1_143' title='bbox 403 1687 486 1748; x_wconf 89' lang='lat' dir='ltr'><strong>subdi</strong></span> <span class='ocrx_word' id='word_1_144' title='bbox 508 1699 644 1766; x_wconf 88' lang='lat' dir='ltr'><strong>censent,</strong></span> <span class='ocrx_word' id='word_1_145' title='bbox 673 1691 834 1749; x_wconf 87' lang='lat' dir='ltr'><strong>meconium</strong></span> <span class='ocrx_word' id='word_1_146' title='bbox 855 1700 970 1751; x_wconf 89' lang='lat' dir='ltr'><strong>vocant.</strong></span> <span class='ocrx_word' id='word_1_147' title='bbox 1001 1692 1086 1752; x_wconf 94' lang='lat' dir='ltr'><strong>immo</strong></span> 
     </span>
     <span class='ocr_line' id='line_1_19' title="bbox 95 1771 1087 1853; baseline 0.004 -22"><span class='ocrx_word' id='word_1_148' title='bbox 95 1773 179 1831; x_wconf 90' lang='lat' dir='ltr'><strong>etiam</strong></span> <span class='ocrx_word' id='word_1_149' title='bbox 200 1771 281 1849; x_wconf 89' lang='lat' dir='ltr'><strong>ipsos</strong></span> <span class='ocrx_word' id='word_1_150' title='bbox 301 1772 513 1848; x_wconf 78' lang='lat' dir='ltr'><strong>gymnasiorum</strong></span> <span class='ocrx_word' id='word_1_151' title='bbox 534 1792 634 1834; x_wconf 87' lang='lat' dir='ltr'><strong>rasere</strong></span> <span class='ocrx_word' id='word_1_152' title='bbox 656 1776 801 1853; x_wconf 90' lang='lat' dir='ltr'><strong>parietes,</strong></span> <span class='ocrx_word' id='word_1_153' title='bbox 831 1783 860 1834; x_wconf 90' lang='lat' dir='ltr'><strong>et</strong></span> <span class='ocrx_word' id='word_1_154' title='bbox 878 1774 946 1834; x_wconf 92' lang='lat' dir='ltr'><strong>illae</strong></span> <span class='ocrx_word' id='word_1_155' title='bbox 970 1792 1087 1853; x_wconf 89' lang='lat' dir='ltr'><strong>quoque</strong></span> 
     </span>
     <span class='ocr_line' id='line_1_20' title="bbox 94 1855 1085 1935; baseline 0.003 -21"><span class='ocrx_word' id='word_1_156' title='bbox 94 1855 196 1914; x_wconf 91' lang='lat' dir='ltr'><strong>sordes</strong></span> <span class='ocrx_word' id='word_1_157' title='bbox 211 1855 447 1915; x_wconf 84' lang='lat' dir='ltr'><strong>excalfactoriam</strong></span> <span class='ocrx_word' id='word_1_158' title='bbox 459 1858 515 1916; x_wconf 89' lang='lat' dir='ltr'><strong>vim</strong></span> <span class='ocrx_word' id='word_1_159' title='bbox 530 1857 640 1918; x_wconf 88' lang='lat' dir='ltr'><strong>habere</strong></span> <span class='ocrx_word' id='word_1_160' title='bbox 656 1859 796 1932; x_wconf 90' lang='lat' dir='ltr'><strong>dicuntur,</strong></span> <span class='ocrx_word' id='word_1_161' title='bbox 815 1875 907 1935; x_wconf 90' lang='lat' dir='ltr'><strong>panos</strong></span> <span class='ocrx_word' id='word_1_162' title='bbox 923 1858 1085 1935; x_wconf 87' lang='lat' dir='ltr'><strong>discutiunt,</strong></span> 
     </span>
    </p>

    <p class='ocr_par' dir='ltr' id='par_1_7' title="bbox 56 1935 1086 2081">
     <span class='ocr_line' id='line_1_21' title="bbox 56 1935 1086 2019; baseline 0 -21"><span class='ocrx_word' id='word_1_163' title='bbox 56 1963 85 2005; x_wconf 79' lang='lat'><strong>20</strong></span> <span class='ocrx_word' id='word_1_164' title='bbox 94 1938 238 1998; x_wconf 91' lang='lat' dir='ltr'><strong>ulceribus</strong></span> <span class='ocrx_word' id='word_1_165' title='bbox 253 1956 352 1999; x_wconf 89' lang='lat' dir='ltr'><strong>senum</strong></span> <span class='ocrx_word' id='word_1_166' title='bbox 364 1935 579 2018; x_wconf 72' lang='lat' dir='ltr'><strong>&#39;puerorumque</strong></span> <span class='ocrx_word' id='word_1_167' title='bbox 603 1950 631 2001; x_wconf 88' lang='lat' dir='ltr'><strong>et</strong></span> <span class='ocrx_word' id='word_1_168' title='bbox 646 1941 840 2019; x_wconf 88' lang='lat' dir='ltr'><strong>desquamatis</strong></span> <span class='ocrx_word' id='word_1_169' title='bbox 854 1938 1029 2000; x_wconf 86' lang='lat' dir='ltr'><strong>ambustisve</strong></span> <span class='ocrx_word' id='word_1_170' title='bbox 1045 1942 1086 1999; x_wconf 92' lang='lat' dir='ltr'><strong>in-</strong></span> 
     </span>
     <span class='ocr_line' id='line_1_22' title="bbox 94 2022 227 2081; baseline 0.008 -2"><span class='ocrx_word' id='word_1_171' title='bbox 94 2022 227 2081; x_wconf 90' lang='lat' dir='ltr'><strong>linuntur.</strong></span> 
     </span>
    </p>

    <p class='ocr_par' dir='ltr' id='par_1_8' title="bbox 92 2104 1130 2354">
     <span class='ocr_line' id='line_1_23' title="bbox 158 2104 1130 2186; baseline 0.008 -23"><span class='ocrx_word' id='word_1_172' title='bbox 158 2104 240 2184; x_wconf 80' lang='lat'><strong>(14.)</strong></span> <span class='ocrx_word' id='word_1_173' title='bbox 262 2105 307 2164; x_wconf 83' lang='lat' dir='ltr'><strong>llo</strong></span> <span class='ocrx_word' id='word_1_174' title='bbox 323 2107 416 2166; x_wconf 92' lang='lat' dir='ltr'><strong>minus</strong></span> <span class='ocrx_word' id='word_1_175' title='bbox 432 2109 521 2166; x_wconf 90' lang='lat' dir='ltr'><strong>omitti</strong></span> <span class='ocrx_word' id='word_1_176' title='bbox 534 2108 668 2168; x_wconf 89' lang='lat' dir='ltr'><strong>convenit</strong></span> <span class='ocrx_word' id='word_1_177' title='bbox 682 2107 717 2166; x_wconf 91' lang='lat' dir='ltr'><strong>ab</strong></span> <span class='ocrx_word' id='word_1_178' title='bbox 734 2108 826 2167; x_wconf 90' lang='lat' dir='ltr'><strong>animo</strong></span> <span class='ocrx_word' id='word_1_179' title='bbox 841 2107 962 2168; x_wconf 88' lang='lat' dir='ltr'><strong>hominis</strong></span> <span class='ocrx_word' id='word_1_180' title='bbox 982 2115 1082 2186; x_wconf 91' lang='lat' dir='ltr'><strong>peten-</strong></span> <span class='ocrx_word' id='word_1_181' title='bbox 1094 2117 1130 2172; x_wconf 80' lang='lat'><strong>53</strong></span> 
     </span>
     <span class='ocr_line' id='line_1_24' title="bbox 92 2186 1085 2270; baseline 0.006 -26"><span class='ocrx_word' id='word_1_182' title='bbox 92 2189 129 2245; x_wconf 91' lang='lat' dir='ltr'><strong>tis</strong></span> <span class='ocrx_word' id='word_1_183' title='bbox 149 2186 316 2248; x_wconf 86' lang='lat' dir='ltr'><strong>medicinas.</strong></span> <span class='ocrx_word' id='word_1_184' title='bbox 344 2188 490 2251; x_wconf 88' lang='lat' dir='ltr'><strong>abstinere</strong></span> <span class='ocrx_word' id='word_1_185' title='bbox 506 2210 539 2251; x_wconf 92' lang='lat' dir='ltr'><strong>se</strong></span> <span class='ocrx_word' id='word_1_186' title='bbox 562 2190 628 2251; x_wconf 92' lang='lat' dir='ltr'><strong>cibo</strong></span> <span class='ocrx_word' id='word_1_187' title='bbox 651 2192 726 2250; x_wconf 92' lang='lat' dir='ltr'><strong>omni</strong></span> <span class='ocrx_word' id='word_1_188' title='bbox 747 2200 795 2250; x_wconf 91' lang='lat' dir='ltr'><strong>aut</strong></span> <span class='ocrx_word' id='word_1_189' title='bbox 814 2201 900 2270; x_wconf 90' lang='lat' dir='ltr'><strong>potu,</strong></span> <span class='ocrx_word' id='word_1_190' title='bbox 927 2192 997 2252; x_wconf 91' lang='lat' dir='ltr'><strong>alias</strong></span> <span class='ocrx_word' id='word_1_191' title='bbox 1018 2193 1085 2250; x_wconf 92' lang='lat' dir='ltr'><strong>vino</strong></span> 
     </span>
     <span class='ocr_line' id='line_1_25' title="bbox 92 2273 1086 2354; baseline 0.004 -24"><span class='ocrx_word' id='word_1_192' title='bbox 92 2280 199 2330; x_wconf 88' lang='lat' dir='ltr'><strong>tantum</strong></span> <span class='ocrx_word' id='word_1_193' title='bbox 215 2281 374 2350; x_wconf 78' lang='lat' dir='ltr'><strong>outcome,</strong></span> <span class='ocrx_word' id='word_1_194' title='bbox 391 2273 462 2334; x_wconf 91' lang='lat' dir='ltr'><strong>alias</strong></span> <span class='ocrx_word' id='word_1_195' title='bbox 478 2274 608 2352; x_wconf 85' lang='lat' dir='ltr'><strong>balineis,</strong></span> <span class='ocrx_word' id='word_1_196' title='bbox 623 2293 685 2335; x_wconf 87' lang='lat' dir='ltr'><strong>cum</strong></span> <span class='ocrx_word' id='word_1_197' title='bbox 701 2275 768 2354; x_wconf 92' lang='lat' dir='ltr'><strong>qnid</strong></span> <span class='ocrx_word' id='word_1_198' title='bbox 784 2293 881 2336; x_wconf 90' lang='lat' dir='ltr'><strong>eorum</strong></span> <span class='ocrx_word' id='word_1_199' title='bbox 895 2276 1022 2354; x_wconf 91' lang='lat' dir='ltr'><strong>postulet</strong></span> <span class='ocrx_word' id='word_1_200' title='bbox 1038 2291 1086 2334; x_wconf 90' lang='lat' dir='ltr'><strong>va·</strong></span> 
     </span>
    </p>

    <p class='ocr_par' dir='ltr' id='par_1_9' title="bbox 56 2353 1131 2768">
     <span class='ocr_line' id='line_1_26' title="bbox 56 2353 1085 2434; baseline 0.005 -21"><span class='ocrx_word' id='word_1_201' title='bbox 56 2353 201 2430; x_wconf 79' lang='lat' dir='ltr'><strong>solitudo,</strong></span> <span class='ocrx_word' id='word_1_202' title='bbox 224 2358 253 2416; x_wconf 94' lang='lat' dir='ltr'><strong>in</strong></span> <span class='ocrx_word' id='word_1_203' title='bbox 277 2358 519 2434; x_wconf 88' lang='lat' dir='ltr'><strong>praesentissimis</strong></span> <span class='ocrx_word' id='word_1_204' title='bbox 539 2357 675 2418; x_wconf 88' lang='lat' dir='ltr'><strong>remediis</strong></span> <span class='ocrx_word' id='word_1_205' title='bbox 692 2357 825 2418; x_wconf 91' lang='lat' dir='ltr'><strong>habetur.</strong></span> <span class='ocrx_word' id='word_1_206' title='bbox 857 2357 902 2417; x_wconf 90' lang='lat' dir='ltr'><strong>his</strong></span> <span class='ocrx_word' id='word_1_207' title='bbox 920 2358 1085 2419; x_wconf 91' lang='lat' dir='ltr'><strong>adnumera-</strong></span> 
     </span>
     <span class='ocr_line' id='line_1_27' title="bbox 93 2441 1086 2517; baseline 0.002 -21"><span class='ocrx_word' id='word_1_208' title='bbox 93 2448 138 2497; x_wconf 87' lang='lat' dir='ltr'><strong>tur</strong></span> <span class='ocrx_word' id='word_1_209' title='bbox 163 2441 350 2515; x_wconf 80' lang='lat' dir='ltr'><strong>erercitatio,</strong></span> <span class='ocrx_word' id='word_1_210' title='bbox 372 2442 492 2499; x_wconf 90' lang='lat' dir='ltr'><strong>intentio</strong></span> <span class='ocrx_word' id='word_1_211' title='bbox 514 2442 613 2516; x_wconf 89' lang='lat' dir='ltr'><strong>vocis,</strong></span> <span class='ocrx_word' id='word_1_212' title='bbox 635 2442 740 2517; x_wconf 88' lang='lat' dir='ltr'><strong>ungui,</strong></span> <span class='ocrx_word' id='word_1_213' title='bbox 761 2441 860 2499; x_wconf 87' lang='lat' dir='ltr'><strong>fricari</strong></span> <span class='ocrx_word' id='word_1_214' title='bbox 882 2459 944 2501; x_wconf 89' lang='lat' dir='ltr'><strong>cum</strong></span> <span class='ocrx_word' id='word_1_215' title='bbox 965 2443 1086 2501; x_wconf 90' lang='lat' dir='ltr'><strong>ratione.</strong></span> 
     </span>
     <span class='ocr_line' id='line_1_28' title="bbox 92 2520 1089 2602; baseline 0.001 -21"><span class='ocrx_word' id='word_1_216' title='bbox 92 2520 249 2581; x_wconf 89' lang='lat' dir='ltr'><strong>vehemens</strong></span> <span class='ocrx_word' id='word_1_217' title='bbox 271 2524 346 2581; x_wconf 90' lang='lat' dir='ltr'><strong>enim</strong></span> <span class='ocrx_word' id='word_1_218' title='bbox 363 2521 478 2582; x_wconf 82' lang='lat' dir='ltr'><strong>fricatio</strong></span> <span class='ocrx_word' id='word_1_219' title='bbox 497 2525 621 2602; x_wconf 88' lang='lat' dir='ltr'><strong>spissat,</strong></span> <span class='ocrx_word' id='word_1_220' title='bbox 651 2523 725 2582; x_wconf 90' lang='lat' dir='ltr'><strong>lenis</strong></span> <span class='ocrx_word' id='word_1_221' title='bbox 750 2522 856 2599; x_wconf 91' lang='lat' dir='ltr'><strong>mollit,</strong></span> <span class='ocrx_word' id='word_1_222' title='bbox 882 2524 969 2584; x_wconf 90' lang='lat' dir='ltr'><strong>multa</strong></span> <span class='ocrx_word' id='word_1_223' title='bbox 991 2524 1089 2583; x_wconf 88' lang='lat' dir='ltr'><strong>adimit</strong></span> 
     </span>
     <span class='ocr_line' id='line_1_29' title="bbox 94 2603 1087 2684; baseline 0.001 -20"><span class='ocrx_word' id='word_1_224' title='bbox 94 2621 216 2682; x_wconf 89' lang='lat' dir='ltr'><strong>corpus,</strong></span> <span class='ocrx_word' id='word_1_225' title='bbox 242 2613 329 2681; x_wconf 89' lang='lat' dir='ltr'><strong>auget</strong></span> <span class='ocrx_word' id='word_1_226' title='bbox 353 2603 475 2665; x_wconf 87' lang='lat' dir='ltr'><strong>modica.</strong></span> <span class='ocrx_word' id='word_1_227' title='bbox 510 2607 538 2664; x_wconf 93' lang='lat' dir='ltr'><strong>in</strong></span> <span class='ocrx_word' id='word_1_228' title='bbox 559 2607 658 2684; x_wconf 90' lang='lat' dir='ltr'><strong>primis</strong></span> <span class='ocrx_word' id='word_1_229' title='bbox 680 2624 751 2668; x_wconf 91' lang='lat' dir='ltr'><strong>vero</strong></span> <span class='ocrx_word' id='word_1_230' title='bbox 777 2606 897 2684; x_wconf 92' lang='lat' dir='ltr'><strong>prodest</strong></span> <span class='ocrx_word' id='word_1_231' title='bbox 922 2605 1087 2684; x_wconf 90' lang='lat' dir='ltr'><strong>ambulatio,</strong></span> 
     </span>
     <span class='ocr_line' id='line_1_30' title="bbox 92 2687 1131 2768; baseline 0.004 -23"><span class='ocrx_word' id='word_1_232' title='bbox 92 2687 218 2764; x_wconf 90' lang='lat' dir='ltr'><strong>gestatio</strong></span> <span class='ocrx_word' id='word_1_233' title='bbox 245 2697 274 2747; x_wconf 91' lang='lat' dir='ltr'><strong>et</strong></span> <span class='ocrx_word' id='word_1_234' title='bbox 290 2704 324 2747; x_wconf 90' lang='lat' dir='ltr'><strong>ea</strong></span> <span class='ocrx_word' id='word_1_235' title='bbox 340 2687 471 2766; x_wconf 91' lang='lat' dir='ltr'><strong>pluribus</strong></span> <span class='ocrx_word' id='word_1_236' title='bbox 491 2689 592 2748; x_wconf 91' lang='lat' dir='ltr'><strong>modis.</strong></span> <span class='ocrx_word' id='word_1_237' title='bbox 624 2691 762 2768; x_wconf 88' lang='lat' dir='ltr'><strong>equitatio</strong></span> <span class='ocrx_word' id='word_1_238' title='bbox 786 2690 935 2750; x_wconf 89' lang='lat' dir='ltr'><strong>stomacho</strong></span> <span class='ocrx_word' id='word_1_239' title='bbox 955 2699 984 2750; x_wconf 92' lang='lat' dir='ltr'><strong>et</strong></span> <span class='ocrx_word' id='word_1_240' title='bbox 1002 2690 1084 2749; x_wconf 81' lang='lat' dir='ltr'><strong>coxis</strong></span> <span class='ocrx_word' id='word_1_241' title='bbox 1096 2702 1131 2756; x_wconf 83' lang='lat'><strong>54</strong></span> 
     </span>
    </p>

    <p class='ocr_par' dir='ltr' id='par_1_10' title="bbox 53 2770 1088 3189">
     <span class='ocr_line' id='line_1_31' title="bbox 53 2770 1087 2852; baseline 0.002 -21"><span class='ocrx_word' id='word_1_242' title='bbox 53 2771 252 2847; x_wconf 83' lang='lat' dir='ltr'><strong>soutilissima,</strong></span> <span class='ocrx_word' id='word_1_243' title='bbox 270 2770 375 2850; x_wconf 88' lang='lat' dir='ltr'><strong>phthisi</strong></span> <span class='ocrx_word' id='word_1_244' title='bbox 388 2773 551 2850; x_wconf 89' lang='lat' dir='ltr'><strong>navigatio,</strong></span> <span class='ocrx_word' id='word_1_245' title='bbox 573 2773 670 2852; x_wconf 89' lang='lat' dir='ltr'><strong>longis</strong></span> <span class='ocrx_word' id='word_1_246' title='bbox 684 2772 793 2834; x_wconf 84' lang='lat' dir='ltr'><strong>morbis</strong></span> <span class='ocrx_word' id='word_1_247' title='bbox 807 2773 937 2834; x_wconf 89' lang='lat' dir='ltr'><strong>locorum</strong></span> <span class='ocrx_word' id='word_1_248' title='bbox 958 2775 1087 2851; x_wconf 88' lang='lat' dir='ltr'><strong>mutatio,</strong></span> 
     </span>
     <span class='ocr_line' id='line_1_32' title="bbox 92 2852 1087 2918; baseline 0.004 -4"><span class='ocrx_word' id='word_1_249' title='bbox 92 2857 160 2915; x_wconf 90' lang='lat' dir='ltr'><strong>item</strong></span> <span class='ocrx_word' id='word_1_250' title='bbox 177 2871 278 2915; x_wconf 92' lang='lat' dir='ltr'><strong>somno</strong></span> <span class='ocrx_word' id='word_1_251' title='bbox 301 2852 355 2914; x_wconf 92' lang='lat' dir='ltr'><strong>sibi</strong></span> <span class='ocrx_word' id='word_1_252' title='bbox 375 2854 485 2915; x_wconf 92' lang='lat' dir='ltr'><strong>mederi</strong></span> <span class='ocrx_word' id='word_1_253' title='bbox 507 2865 554 2917; x_wconf 92' lang='lat' dir='ltr'><strong>aut</strong></span> <span class='ocrx_word' id='word_1_254' title='bbox 571 2855 679 2917; x_wconf 88' lang='lat' dir='ltr'><strong>lectulo</strong></span> <span class='ocrx_word' id='word_1_255' title='bbox 701 2865 730 2917; x_wconf 90' lang='lat' dir='ltr'><strong>et</strong></span> <span class='ocrx_word' id='word_1_256' title='bbox 753 2874 817 2917; x_wconf 90' lang='lat' dir='ltr'><strong>rara</strong></span> <span class='ocrx_word' id='word_1_257' title='bbox 839 2860 1004 2918; x_wconf 85' lang='lat' dir='ltr'><strong>vomitione.</strong></span> <span class='ocrx_word' id='word_1_258' title='bbox 1041 2876 1087 2918; x_wconf 91' lang='lat' dir='ltr'><strong>su·</strong></span> 
     </span>
     <span class='ocr_line' id='line_1_33' title="bbox 93 2939 1087 3020; baseline 0.003 -22"><span class='ocrx_word' id='word_1_259' title='bbox 93 2939 282 3017; x_wconf 85' lang='lat' dir='ltr'><strong>pinicubitus</strong></span> <span class='ocrx_word' id='word_1_260' title='bbox 302 2939 396 3000; x_wconf 88' lang='lat' dir='ltr'><strong>oculis</strong></span> <span class='ocrx_word' id='word_1_261' title='bbox 417 2939 598 3016; x_wconf 88' lang='lat' dir='ltr'><strong>conducunt,</strong></span> <span class='ocrx_word' id='word_1_262' title='bbox 627 2949 657 3001; x_wconf 92' lang='lat' dir='ltr'><strong>at</strong></span> <span class='ocrx_word' id='word_1_263' title='bbox 679 2943 764 3020; x_wconf 92' lang='lat' dir='ltr'><strong>proni</strong></span> <span class='ocrx_word' id='word_1_264' title='bbox 781 2942 924 3019; x_wconf 88' lang='lat' dir='ltr'><strong>tussibus,</strong></span> <span class='ocrx_word' id='word_1_265' title='bbox 953 2943 981 3003; x_wconf 94' lang='lat' dir='ltr'><strong>in</strong></span> <span class='ocrx_word' id='word_1_266' title='bbox 996 2941 1087 3002; x_wconf 91' lang='lat' dir='ltr'><strong>latera</strong></span> 
     </span>
     <span class='ocr_line' id='line_1_34' title="bbox 93 3022 1088 3105; baseline 0.003 -24"><span class='ocrx_word' id='word_1_267' title='bbox 93 3022 234 3082; x_wconf 88' lang='lat' dir='ltr'><strong>adversus</strong></span> <span class='ocrx_word' id='word_1_268' title='bbox 257 3022 477 3084; x_wconf 88' lang='lat' dir='ltr'><strong>destillationes.</strong></span> <span class='ocrx_word' id='word_1_269' title='bbox 515 3023 693 3085; x_wconf 77' lang='lat' dir='ltr'><strong>Aristoteles</strong></span> <span class='ocrx_word' id='word_1_270' title='bbox 713 3032 742 3085; x_wconf 92' lang='lat' dir='ltr'><strong>et</strong></span> <span class='ocrx_word' id='word_1_271' title='bbox 764 3023 909 3086; x_wconf 84' lang='lat' dir='ltr'><strong>Fabianus</strong></span> <span class='ocrx_word' id='word_1_272' title='bbox 929 3027 1088 3105; x_wconf 91' lang='lat' dir='ltr'><strong>plurumum</strong></span> 
     </span>
     <span class='ocr_line' id='line_1_35' title="bbox 92 3105 1087 3189; baseline 0.004 -25"><span class='ocrx_word' id='word_1_273' title='bbox 92 3105 229 3166; x_wconf 89' lang='lat' dir='ltr'><strong>somniari</strong></span> <span class='ocrx_word' id='word_1_274' title='bbox 245 3107 323 3165; x_wconf 89' lang='lat' dir='ltr'><strong>circa</strong></span> <span class='ocrx_word' id='word_1_275' title='bbox 346 3124 398 3165; x_wconf 89' lang='lat' dir='ltr'><strong>ver</strong></span> <span class='ocrx_word' id='word_1_276' title='bbox 419 3115 449 3166; x_wconf 89' lang='lat' dir='ltr'><strong>et</strong></span> <span class='ocrx_word' id='word_1_277' title='bbox 465 3115 627 3168; x_wconf 86' lang='lat' dir='ltr'><strong>autumnum</strong></span> <span class='ocrx_word' id='word_1_278' title='bbox 651 3107 781 3186; x_wconf 83' lang='lat' dir='ltr'><strong>tradunt,</strong></span> <span class='ocrx_word' id='word_1_279' title='bbox 811 3112 962 3189; x_wconf 87' lang='lat' dir='ltr'><strong>magisque</strong></span> <span class='ocrx_word' id='word_1_280' title='bbox 985 3110 1087 3187; x_wconf 90' lang='lat' dir='ltr'><strong>supino</strong></span> 
     </span>
    </p>

    <p class='ocr_par' dir='ltr' id='par_1_11' title="bbox 55 3188 1130 3522">
     <span class='ocr_line' id='line_1_36' title="bbox 55 3188 1088 3273; baseline 0.005 -28"><span class='ocrx_word' id='word_1_281' title='bbox 55 3203 83 3245; x_wconf 81' lang='lat' dir='ltr'><strong>aa</strong></span> <span class='ocrx_word' id='word_1_282' title='bbox 94 3188 200 3262; x_wconf 81' lang='lat' dir='ltr'><strong>cubitu,</strong></span> <span class='ocrx_word' id='word_1_283' title='bbox 216 3196 245 3249; x_wconf 91' lang='lat' dir='ltr'><strong>at</strong></span> <span class='ocrx_word' id='word_1_284' title='bbox 261 3205 354 3267; x_wconf 92' lang='lat' dir='ltr'><strong>prono</strong></span> <span class='ocrx_word' id='word_1_285' title='bbox 369 3188 449 3265; x_wconf 90' lang='lat' dir='ltr'><strong>nihil,</strong></span> <span class='ocrx_word' id='word_1_286' title='bbox 465 3189 682 3269; x_wconf 82' lang='lat' dir='ltr'><strong>Theophrastus</strong></span> <span class='ocrx_word' id='word_1_287' title='bbox 694 3193 821 3253; x_wconf 90' lang='lat' dir='ltr'><strong>celerius</strong></span> <span class='ocrx_word' id='word_1_288' title='bbox 838 3194 980 3273; x_wconf 89' lang='lat' dir='ltr'><strong>concoqui</strong></span> <span class='ocrx_word' id='word_1_289' title='bbox 994 3191 1088 3251; x_wconf 87' lang='lat' dir='ltr'><strong>dextri</strong></span> 
     </span>
     <span class='ocr_line' id='line_1_37' title="bbox 92 3270 1130 3357; baseline 0.008 -25"><span class='ocrx_word' id='word_1_290' title='bbox 92 3273 193 3332; x_wconf 85' lang='lat' dir='ltr'><strong>lateris</strong></span> <span class='ocrx_word' id='word_1_291' title='bbox 220 3270 360 3349; x_wconf 90' lang='lat' dir='ltr'><strong>incubitu,</strong></span> <span class='ocrx_word' id='word_1_292' title='bbox 386 3271 531 3332; x_wconf 84' lang='lat' dir='ltr'><strong>difficilius</strong></span> <span class='ocrx_word' id='word_1_293' title='bbox 552 3291 568 3332; x_wconf 92' lang='lat' dir='ltr'><strong>a</strong></span> <span class='ocrx_word' id='word_1_294' title='bbox 589 3276 707 3356; x_wconf 85' lang='lat' dir='ltr'><strong>supinis.</strong></span> <span class='ocrx_word' id='word_1_295' title='bbox 737 3276 788 3337; x_wconf 89' lang='lat' dir='ltr'><strong>Sol</strong></span> <span class='ocrx_word' id='word_1_296' title='bbox 805 3294 922 3357; x_wconf 91' lang='lat' dir='ltr'><strong>quoque</strong></span> <span class='ocrx_word' id='word_1_297' title='bbox 942 3274 1130 3340; x_wconf 74' lang='lat' dir='ltr'><strong>remedio-55</strong></span> 
     </span>
     <span class='ocr_line' id='line_1_38' title="bbox 92 3354 1088 3438; baseline 0.005 -25"><span class='ocrx_word' id='word_1_298' title='bbox 92 3373 154 3414; x_wconf 92' lang='lat' dir='ltr'><strong>rum</strong></span> <span class='ocrx_word' id='word_1_299' title='bbox 168 3373 326 3415; x_wconf 78' lang='lat' dir='ltr'><strong>maxumum</strong></span> <span class='ocrx_word' id='word_1_300' title='bbox 343 3355 378 3416; x_wconf 93' lang='lat' dir='ltr'><strong>ab</strong></span> <span class='ocrx_word' id='word_1_301' title='bbox 399 3357 464 3435; x_wconf 92' lang='lat' dir='ltr'><strong>ipso</strong></span> <span class='ocrx_word' id='word_1_302' title='bbox 481 3354 535 3416; x_wconf 90' lang='lat' dir='ltr'><strong>sibi</strong></span> <span class='ocrx_word' id='word_1_303' title='bbox 549 3360 691 3435; x_wconf 87' lang='lat' dir='ltr'><strong>praestari</strong></span> <span class='ocrx_word' id='word_1_304' title='bbox 712 3368 826 3438; x_wconf 87' lang='lat' dir='ltr'><strong>potest,</strong></span> <span class='ocrx_word' id='word_1_305' title='bbox 848 3362 922 3421; x_wconf 86' lang='lat' dir='ltr'><strong>sicut</strong></span> <span class='ocrx_word' id='word_1_306' title='bbox 935 3361 1088 3420; x_wconf 91' lang='lat' dir='ltr'><strong>linteorum</strong></span> 
     </span>
     <span class='ocr_line' id='line_1_39' title="bbox 92 3437 1100 3522; baseline -0.003 -25"><span class='ocrx_word' id='word_1_307' title='bbox 92 3437 302 3518; x_wconf 87' lang='lat' dir='ltr'><strong>strigiliumque</strong></span> <span class='ocrx_word' id='word_1_308' title='bbox 318 3438 510 3500; x_wconf 86' lang='lat' dir='ltr'><strong>vehementia.</strong></span> <span class='ocrx_word' id='word_1_309' title='bbox 545 3441 723 3519; x_wconf 86' lang='lat' dir='ltr'><strong>perfundere</strong></span> <span class='ocrx_word' id='word_1_310' title='bbox 737 3452 825 3522; x_wconf 87' lang='lat' dir='ltr'><strong>caput</strong></span> <span class='ocrx_word' id='word_1_311' title='bbox 839 3443 938 3504; x_wconf 85' lang='lat' dir='ltr'><strong>calida</strong></span> <span class='ocrx_word' id='word_1_312' title='bbox 952 3451 1027 3502; x_wconf 72' lang='lat' dir='ltr'><strong>ante</strong></span> <span class='ocrx_word' id='word_1_313' title='bbox 1038 3441 1100 3495; x_wconf 65' lang='lat' dir='ltr'><strong>*ua-</strong></span> 
     </span>
    </p>
   </div>
   <div class='ocr_carea' id='block_1_3' title="bbox 0 0 1205 3840">
    <p class='ocr_par' dir='ltr' id='par_1_12' title="bbox 0 0 1205 3840">
     <span class='ocr_line' id='line_1_40' title="bbox 0 0 1205 3840; baseline 0 0"><span class='ocrx_word' id='word_1_314' title='bbox 0 0 1205 3840; x_wconf 95' lang='lat' dir='ltr'><strong> </strong></span> 
     </span>
    </p>
   </div>
  </div>
 </body>
</html>
