2400 3840
300 193 380 240 nar.
398 192 489 240 11111.
504 192 614 261 11111111.
633 185 676 241 15.
693 184 734 237 10.
750 173 897 260 (11-11.)
1043 175 1083 236 59

106 417 107 421 ¹
155 347 202 408 16.
225 345 306 427 (91.)
337 347 491 425 Aegyptus
503 345 575 406 hanc
586 363 715 405 maxume
726 347 829 422 gignit,
847 361 921 421 qnae
937 351 967 404 et
982 353 1125 421 aron,142

68 453 71 458 ·
92 428 127 492 de
144 447 201 509 qua
218 432 295 489 inter
310 429 415 500 bulbos
433 428 571 503 diximus,
586 446 706 505 magnae
721 445 784 487 cum
799 427 947 486 dracontio
969 425 1036 485 litis.
1048 447 1077 489 11,
1089 437 1130 482 n·

91 512 204 593 quidam
219 514 294 574 enim
312 512 431 573 eandem
454 531 522 573 esse
544 510 654 572 dixere.
688 508 819 571 Glaucias
843 517 907 570 satu
929 508 1079 584 discrevit,

40 636 42 640 -
90 596 267 657 dracontium
292 595 459 656 silvestrem
484 613 562 655 arum
586 592 806 672 pronuntiando.
838 592 926 670 aliqui
954 591 1080 652 radicem

67 697 169 740 aarum
184 679 382 757 appellarunt,
398 679 509 739 caulem
523 694 595 737 vero
612 677 804 754 dracontium,
821 679 851 736 in
873 683 963 737 totum
983 675 1079 753 alium,

90 762 216 823 simodo
234 762 281 821 hic
295 771 340 822 est
356 764 404 839 qni
419 762 493 840 apud
514 779 567 821 nos
590 759 776 821 dracunculus
794 768 926 820 vocatur.
957 775 1079 835 namque

89 862 158 905 aros
174 845 298 905 radicem
320 847 430 922 nigram
450 847 479 904 in
506 842 684 904 latitudinem
706 842 854 903 rotundam
874 841 961 901 habet
977 842 1080 902 multo-

90 946 148 1006 que
163 930 301 989 maiorem
313 938 343 989 et
355 946 411 1006 qua
425 946 523 993 manus
538 927 693 1008 inpleatur,
706 926 893 988 dracunculus
909 925 1077 985 subrutilam

92 1019 122 1071 et
138 1010 270 1073 draconis
289 1013 435 1073 convoluti
447 1011 551 1089 modo,
569 1010 643 1073 unde
659 1019 689 1070 et
704 1028 816 1071 nomen.
1124 1071 1127 1078 ,

55 1120 88 1171 rc.
153 1095 234 1173 (92.)
253 1094 291 1154 Et
307 1097 355 1174 qui
371 1099 443 1174 ipsis
463 1093 588 1175 [Graeci]
605 1097 761 1156 inmensam
779 1115 907 1176 posuere
922 1095 1057 1159 1111101011-
1069 1110 1120 1165 143

91 1180 160 1240 tiam
175 1197 274 1251 semen
285 1178 448 1239 dracunculi
462 1181 579 1240 iervens
595 1178 772 1258 mordaxque
791 1179 940 1257 tradendo,
957 1189 1078 1242 tantum·

91 1282 146 1343 que
165 1266 191 1323 ei
212 1266 288 1324 virus
306 1273 337 1323 nt
354 1263 489 1324 olfactum
502 1262 629 1341 gravidis
644 1263 774 1323 abortum
789 1265 922 1338 interret,
941 1282 1012 1323 aron
1028 1267 1066 1324 mi

91 1348 131 1407 ris
147 1346 277 1430 laudibus
298 1347 392 1407 tulere
414 1350 534 1425 primum
555 1347 584 1407 in
609 1346 682 1406 cibis
709 1347 843 1407 feminam
864 1346 1078 1425 praeferentes,
1118 1351 1123 1357 ’

92 1432 226 1507 quoniam
242 1449 301 1489 mas
317 1429 417 1491 durior
432 1439 514 1490 esset
533 1438 562 1489 et
581 1431 609 1488 in
627 1427 778 1507 coquendo
797 1429 912 1489 lentior.
946 1431 1078 1507 pectoris

56 1529 83 1579 ac
92 1515 161 1572 vitia
169 1514 420 1590 purgare,aridum
431 1517 460 1574 in
469 1514 615 1592 potionem
627 1514 789 1592 inspersum
801 1523 849 1573 aut
862 1514 1014 1591 ecligmate
1021 1513 1078 1572 uri-

92 1614 155 1656 nam
170 1605 201 1656 et
215 1615 330 1656 menses
348 1599 437 1657 ciere.
470 1599 512 1656 sic
527 1605 557 1657 et
572 1597 601 1655 in
618 1596 775 1672 oxymelite
796 1604 894 1674 potum
908 1595 1121 1660 stomacheris

91 1681 306 1756 interaneisque
324 1680 499 1740 exulceratis
517 1698 555 1740 ex
569 1679 644 1740 lacte
661 1679 750 1739 ovillo
773 1679 946 1755 bibendum,
966 1678 1076 1738 111111-

90 1764 189 1821 simin
208 1765 307 1823 cinere
326 1773 438 1823 coctum
460 1762 568 1824 dedere
591 1782 629 1823 ex
645 1763 722 1823 0100.
756 1762 803 1822 alii
826 1780 936 1822 coxere
953 1763 982 1821 in
999 1761 1076 1822 lacte

90 1853 120 1905 nt
136 1844 286 1916 decoctum
305 1846 463 1906 biberetur.
495 1845 652 1924 Epiphoris
675 1846 781 1906 elixum
802 1848 977 1924 inposuere,
1006 1847 1078 1904 item

53 1950 82 1992 00
93 1928 272 2006 suggillatis,
290 1929 424 1989 tonsillis.
460 1948 498 1989 ex
512 1930 580 1991 oleo
598 1927 848 1988 haemorrhoidum
864 1929 935 1988 vitio
951 1926 1055 1987 iniudit
1068 1937 1119 1991 14⁵

92 2009 311 2089 Cleophantus,
327 2013 482 2089 lentigines
508 2030 546 2073 ex
562 2012 647 2073 melle
670 2011 804 2071 inlinens.
835 2010 958 2071 laudavit
973 2018 1003 2069 et
1020 2028 1075 2088 pro
1098 2055 1115 2062 ..

91 2094 219 2155 antidoto
238 2103 338 2155 contra
365 2114 493 2170 venena,
526 2094 702 2173 pleuriticis,
735 2094 991 2172 peripleumonieis
1017 2110 1075 2170 quo

15 2188 18 2192 ’
91 2178 280 2239 tussientibus
295 2178 389 2238 modo.
414 2197 514 2239 semen
525 2179 652 2238 intritum
666 2197 729 2238 cum
745 2176 812 2238 0100
829 2184 877 2236 111
891 2194 1015 2236 rosaceo
1035 2178 1076 2235 in-

89 2260 217 2320 funditur
243 2263 351 2322 aurium
377 2261 480 2322 dolori.
510 2261 654 2332 Dieuches
676 2261 881 2338 tussientibus,
905 2259 1074 2339 suspiriosis

54 2353 122 2406 acet
149 2343 348 2422 orthopnoicis
378 2354 408 2405 et
438 2363 509 2424 pura
525 2345 745 2406 exscreantibus
766 2346 876 2405 farinae
901 2345 1077 2422 ,permixtum

90 2445 164 2507 pane
180 2436 265 2488 cocto
282 2428 368 2489 dedit.
400 2427 542 2489 Diodotus
560 2428 709 2507 phthisicis
733 2427 851 2488 emelle
873 2426 1024 2504 ecligmate
1047 2435 1077 2486 et

89 2511 233 2590 pulmonis
244 2512 335 2589 vitiis,
348 2511 463 2572 ossibus
474 2515 559 2572 etiam
569 2512 668 2572 fractis
680 2505 815 2589 inposuit.
831 2519 930 2589 partus
939 2512 1119 2575 omnium146

90 2595 251 2655 animalium
272 2596 401 2656 extrahit
421 2603 538 2655 naturae
563 2593 757 2655 circumlitum.
784 2612 868 2653 sucus
889 2593 992 2653 radicis
1013 2611 1076 2654 cum

89 2677 178 2738 melle
193 2677 293 2738 Attico
311 2679 459 2738 oculorum
476 2678 627 2755 caligines,
640 2676 777 2737 stomachi
790 2677 860 2736 vitia
875 2675 1002 2755 discutit,
1018 2685 1077 2735 tus-

54 2775 82 2823 10
91 2761 145 2822 sim
166 2760 280 2821 decocti
302 2763 347 2822 ius
370 2781 432 2822 cum
457 2762 552 2823 melle.
584 2761 681 2821 ulcera
699 2761 821 2820 omnium
841 2779 996 2838 generum,
1013 2762 1099 2820 sive-

90 2842 296 2922 phagedaenae
317 2847 375 2907 sint
392 2847 455 2907 sive
475 2848 680 2922 carcinomata,
701 2846 765 2904 sive
783 2853 918 2923 serpant,
938 2846 1001 2905 sive
1025 2862 1076 2922 po·
1111 2842 1114 2847 ’

90 2926 151 3005 lypi
165 2929 195 2987 in
209 2929 347 3005 naribus,
372 2947 457 2991 sucus
478 2931 550 2990 mire
570 2937 660 2990 sanat.
690 2927 761 2989 folia
780 2928 917 2988 ambustis
934 2935 1055 3007 prosunt
1067 2938 1116 2993 147

91 3028 130 3070 ex
143 3012 212 3071 vino
228 3019 259 3072 et
277 3011 344 3072 oleo
359 3021 450 3073 eoeta.
483 3006 577 3073 alvom
591 3013 719 3090 inaniunt
735 3031 773 3072 ex
783 3011 845 3072 sale
861 3020 890 3071 et
908 3020 991 3072 aceto
1001 3030 1075 3071 sum·

91 3101 157 3170 pta,
173 3102 203 3152 et
218 3093 322 3154 luxatis
337 3114 399 3154 cum
413 3095 499 3155 melle
515 3103 598 3156 cocta
609 3104 746 3173 prosunt,
762 3097 830 3155 item
845 3095 973 3154 articulis
988 3095 1076 3174 poda·

56 3177 179 3250 ssgrieis
191 3195 258 3237 cum
275 3177 336 3238 sale
351 3181 481 3239 recentia
496 3179 543 3239 vel
559 3180 657 3238 sicca«
675 3177 867 3256 Hippocrates
889 3177 1025 3239 utralibet
1040 3177 1075 3236 ad

91 3258 281 3320 collectiones
299 3278 362 3320 enm
375 3260 461 3323 melle
472 3263 608 3339 inposuit.
637 3261 673 3321 ad
686 3281 802 3322 menses
819 3259 973 3320 trahendos
990 3261 1074 3318 semi-

92 3342 135 3402 nis
153 3342 202 3403 vel
223 3343 327 3403 radicis
349 3343 499 3404 drachmae
517 3344 589 3404 duae
612 3346 641 3404 in
658 3347 716 3404 vini
740 3342 849 3420 cyathis
872 3343 983 3402 duobus
996 3342 1074 3407 suili-

92 3425 177 3485 ciunt.
207 3424 308 3486 cadem
324 3428 422 3505 potio,
439 3429 463 3486 si
479 3446 495 3487 a
510 3437 592 3505 partu
608 3445 665 3487 non
685 3434 861 3505 purgentur,
883 3434 913 3485 et
927 3420 1078 3485 'secundas
