2400 3840
328 208 409 255 nur.
426 205 517 256 ausu.
533 207 631 255 xxvr.
647 205 674 259 a.
692 195 845 273 (lc—58.)
1030 192 1089 254 115

71 390 77 396 -
157 361 242 439 (52.)
267 359 325 421 Vel
345 361 437 437 magis
462 361 593 422 medetur
613 378 742 439 cepaea,
771 359 872 419 similis
900 360 1091 438 porcillacae,
1116 407 1122 413 .

91 445 223 522 nigriore
243 443 358 521 radice,
379 443 432 503 sed
454 444 561 523 inutili,
581 461 705 504 nascens
727 445 756 502 in
775 442 907 502 litoribus
928 443 1091 522 harenosis,

92 538 180 607 gustu
195 545 298 588 amara.
328 528 358 586 in
371 529 441 587 vino
458 545 521 586 cum
537 528 672 606 asparagi
686 526 785 588 radice
799 528 918 591 5551555
933 528 1093 607 plurumum

114 612 242 673 rodest-

68 631 112 756 5Ρ
158 694 244 775 (53.)
267 694 376 754 Eadem
400 704 529 772 praestat
551 694 729 774 hypericon,
755 710 839 772 quam
859 693 907 754 alii
927 694 1134 773 chamaepissts

92 789 161 856 tyn,
179 777 228 838 alii
244 779 386 838 corissum
408 777 569 858 appellant,
594 779 732 838 oleraceo
747 777 868 852 frutice,
892 779 985 856 tenui,
1014 777 1092 838 cubi-

92 861 155 940 tali,
169 859 302 938 rubente,
319 861 391 920 lolio
406 870 497 939 rutae,
512 861 603 922 odore
619 863 694 937 acri,
719 863 828 920 semine
843 861 872 919 in
887 861 990 940 siliqua
1007 863 1092 939 nigro

91 954 305 1005 maturescente
329 962 393 1004 cum
417 943 540 1005 hordeo.
573 953 673 1005 natura
694 945 795 1004 semini
816 945 975 1023 spissandi,
998 946 1093 1005 alvom
1116 950 1122 963 “

93 1030 179 1104 515515,
195 1029 304 1088 urinam
318 1029 387 1104 ciet,
401 1030 520 1088 vesicae
541 1046 605 1088 cum
620 1030 688 1088 vino
706 1026 822 1088 bibitur.

58 1131 83 1172 15
156 1112 241 1192 (54.)
264 1111 318 1171 Est
332 1111 408 1171 aliud
422 1111 599 1191 hypericon,
623 1111 701 1190 quod
722 1111 810 1189 aliqui
827 1128 915 1171 caron
930 1111 1089 1191 appellant,
1101 1121 1136 1176 86

91 1197 166 1258 15115
185 1196 339 1270 tamaricis,
357 1203 386 1254 et
401 1193 455 1254 sub
471 1212 506 1255 ea
521 1198 665 1268 nascitur,
688 1194 740 1254 sed
755 1194 954 1272 pinguioribus
970 1196 1047 1255 iuliis
1065 1204 1094 1256 et

92 1281 185 1339 minus
199 1277 378 1354 rubentibus,
394 1277 555 1355 odoratum,
571 1279 667 1357 palnro
681 1278 776 1354 altius,
793 1295 893 1352 suave,
907 1279 1011 1339 leniter
1026 1297 1092 1339 acu·

93 1372 162 1423 tum.
192 1363 237 1421 vis
254 1363 354 1422 semini
370 1361 595 1438 excalfactoria,
619 1371 648 1422 et
662 1361 728 1421 ideo
744 1360 919 1421 inflationem
934 1362 1017 1437 lacit,
1041 1362 1114 1426 ssd.

94 1444 244 1506 stomacho
262 1462 319 1505 non
334 1443 448 1521 inutile,
471 1448 657 1526 praecipuum
680 1443 715 1505 ad
731 1445 939 1524 stranguriam,
964 1445 988 1504 si
1012 1444 1092 1505 exul·

57 1545 83 1585 15
97 1536 195 1590 cerata
211 1544 268 1587 non
284 1530 321 1587 sit
335 1529 449 1606 vesica,
471 1529 603 1589 medetur
621 1537 649 1588 et
666 1527 827 1607 pleuriticis
846 1546 883 1588 ex
899 1531 965 1589 vino
983 1538 1092 1607 potum.

95 1613 180 1691 (55.)
207 1613 325 1672 5551555
348 1621 443 1672 autem
466 1611 610 1673 callithrix
637 1613 704 1672 trita
731 1611 816 1672 simul
838 1629 902 1672 cum
925 1615 1037 1673 cumino
1061 1620 1134 1679 5587

95 1696 160 1756 1555
178 1713 215 1754 ex
232 1696 300 1755 vino
315 1693 393 1755 albo.
423 1694 587 1757 verbenaca
609 1713 725 1775 quoque
747 1695 825 1756 ioliis
840 1694 965 1758 decocta
979 1696 1015 1758 ad
1036 1705 1092 1756 ter·

94 1782 149 1839 tias
163 1779 211 1839 551
228 1778 312 1839 radix
338 1780 401 1838 eius
424 1778 551 1839 emulso
577 1780 670 1840 calido
686 1779 815 1839 calculos
837 1781 921 1857 eicit,
939 1781 1006 1840 item
1026 1799 1093 1859 per·

94 1879 208 1942 pressa,
225 1880 299 1941 quae
316 1860 414 1921 Arreti
429 1871 458 1922 et
473 1863 501 1920 in
515 1862 635 1937 lllyrico
650 1864 791 1940 nascitur,
808 1864 836 1922 in
850 1881 924 1942 aqua
940 1863 1093 1924 decoctae

58 1946 184 2006 ratribus
200 1945 320 2004 heminis
336 1944 371 2005 ad
393 1963 474 2006 unam
496 1954 525 2004 55
550 1954 634 2024 pota,
651 1945 785 2006 trifolium
808 1964 846 2005 ex
866 1949 934 2006 vino
951 1955 1093 2026 sumptum

95 2038 125 2088 ct
140 2027 398 2103 chrysanthemum.
432 2027 572 2088 anthemis
587 2046 703 2108 quoquc
720 2029 850 2090 calculos
866 2030 943 2105 eicit,
961 2030 1059 2109 parvis
1075 2049 1092 2089 a

48 2180 55 2187 .
94 2113 192 2173 radice
206 2112 286 2171 foliis
301 2112 409 2190 quinis,
433 2111 563 2172 caulibus
579 2112 675 2189 longis
691 2110 820 2188 duobus,
836 2112 910 2173 11555
924 2129 1030 2190 55555,
1048 2131 1092 2174 ra·

95 2195 176 2256 dices
190 2197 274 2255 551555
288 2213 342 2274 per
357 2213 391 2254 55
406 2214 461 2256 555
474 2195 558 2255 15555
573 2195 699 2257 crudum.

159 2277 243 2359 (56.)
267 2279 361 2339 Silaus
376 2280 504 2339 nascitur
519 2279 654 2357 glariosis
671 2289 700 2340 55
714 2281 890 2357 perennibus
904 2283 993 2359 rivis,
1011 2281 1088 2342 cubi·
1100 2291 1136 2346 88

14 2416 20 2425 .
59 2372 86 2414 ²⁵
96 2362 162 2423 talis
183 2364 230 2441 api
251 2362 442 2422 similitudine.
473 2365 604 2442 coquitur
624 2373 654 2423 ut
675 2363 739 2424 olus
763 2364 874 2425 acidum
892 2383 996 2442 magna
1020 2366 1092 2426 utili-

94 2454 154 2506 tate
170 2447 299 2521 vesicae,
315 2463 390 2524 quac
406 2447 429 2505 si
446 2444 574 2505 scabiem
589 2448 703 2522 sentiat,
720 2449 839 2524 panacis
857 2447 955 2508 radice
968 2458 1091 2527 sanatur,

95 2529 180 2590 aliter
195 2529 293 2587 inutile
305 2529 424 2587 vesicis.
455 2526 594 2589 Galcnlos
614 2528 697 2608 pellit
716 2530 819 2589 malum
842 2531 1006 2591 erraticum·
1018 2532 1092 2592 radi-

95 2613 138 2672 cis
154 2610 226 2670 111555
242 2611 270 2669 15
287 2610 346 2668 vini
364 2611 469 2687 congio
486 2609 609 2671 decocta
625 2610 662 2670 ad
682 2611 811 2672 dimidias
824 2644 867 2658 -
881 2610 947 2671 inde
961 2612 1092 2674 heminae

95 2702 243 2755 sumuntur
259 2691 459 2770 pertriduum,
478 2693 597 2753 relicum
613 2713 650 2754 ex
664 2695 731 2754 vino
748 2712 811 2754 cum
830 2696 885 2773 sio,
901 2705 987 2756 -et
1001 2699 1092 2758 urtica

58 2779 201 2840 camarina
218 2784 246 2836 et
261 2775 380 2836 daucum
397 2785 426 2837 et
441 2777 614 2856 plantaginis
629 2796 728 2838 semen
744 2797 782 2839 cx
795 2780 873 2838 vino.

157 2862 241 2941 (57.)
263 2859 299 2920 115
316 2860 407 2921 herba
422 2859 561 2921 Fuluiana
579 2862 644 2923 trita
660 2880 696 2921 ex
719 2865 843 2923 51555-
857 2872 886 2923 et
901 2863 1092 2925 haecnomen

93 2946 252 3007 inventoris
267 2944 366 3020 habet,
383 2954 451 3006 nota
467 2945 655 3024 tractantibus
670 2977 713 2993 —-
728 2949 824 3008 urinas
841 2948 908 3008 ciet.

11 3080 14 3085 .
158 3028 242 3108 (58.)
267 3029 410 3091 Scordion
425 3030 540 3090 testium
554 3038 681 3090 tumores
697 3031 788 3091 sedat.
815 3031 1021 3108 hyoscyamum
1037 3051 1086 3110 ge·
1099 3042 1134 3097 88

10 3114 15 3133 ·“
94 3113 229 3174 uitalibus
251 3112 398 3191 medetur,
425 3112 585 3192 peucedani
602 3131 687 3175 sucus
704 3133 741 3174 ex
755 3115 860 3191 melle,
885 3134 984 3176 semen
1000 3125 1090 3176 stran-

59 3210 84 3252 55
96 3199 205 3274 guriae,
222 3200 368 3274 agaricum
383 3196 479 3257 obolis
496 3195 586 3257 tribus
600 3199 628 3256 in
641 3199 698 3258 vini
712 3201 820 3259 veteris
837 3199 942 3275 cyatho
959 3215 1027 3274 uno,
1042 3200 1089 3258 tri-

93 3281 146 3341 1511
162 3281 244 3341 radix
265 3281 407 3342 drachmis
424 3279 533 3340 duabus
557 3283 585 3340 in
604 3282 689 3357 vino,
712 3281 794 3342 dauci
809 3300 864 3342 una
887 3281 1021 3343 drachma
1043 3281 1090 3342 551

94 3365 221 3423 seminis.
251 3363 402 3426 lschiadici
418 3364 526 3424 semine
543 3372 572 3424 et
593 3364 670 3424 loliis
688 3365 873 3440 erythrodani
894 3366 968 3426 551515
988 3382 1088 3425 sanan·

38 3519 41 3523 ,
95 3456 150 3524 555,
164 3464 275 3526 panace
291 3457 361 3528 poto
373 3456 402 3508 et
413 3447 544 3508 inirlcata
557 3447 735 3527 Polemonia,
746 3449 963 3510 aristolochiae
972 3448 1110 3504 neceas

842 3531 949 3591 ,gb
