2400 3840
331 206 411 254 nnn.
427 205 518 254 rursu.
535 207 619 255 xxx.
640 205 682 258 11.
698 199 849 269 (tc—31.)
1031 194 1090 257 251

96 361 225 439 Aegypti
243 379 345 438 magua
361 379 429 440 pars
444 361 620 422 scarabaeos
641 362 716 421 inter
735 361 846 421 numina
869 360 955 437 colit,
978 363 1091 420 curiosa
1178 386 1183 393 ·

95 446 219 525 Apionis
235 447 489 523 interpretatione,
506 462 562 523 qua
577 445 698 521 colligat
712 445 784 505 solis
799 462 919 523 operum
935 442 1092 504 similitudi·

95 548 159 590 nem
175 528 241 589 huic
259 528 373 588 animali
388 547 463 606 esse,
479 528 515 588 ad
532 527 714 588 excusandos
725 530 822 606 gentis
834 545 903 587 suae
917 529 999 588 ritus.
1021 528 1135 590 sed100

97 622 126 673 et
145 613 230 672 alium
249 612 404 688 adalligant
417 612 495 690 hlagi
509 615 561 684 ⁸cui
583 622 649 673 sunt
669 612 817 672 cornicula
832 611 959 688 reflexa,
976 612 1092 671 sinistra

71 710 178 756 smanu
195 695 360 755 collectum.
394 699 516 772 tertium,
533 696 582 773 qui
598 703 718 756 vocatur
731 696 815 772 lullo,
832 695 905 755 albis
919 696 1020 773 guttis,
1037 695 1092 754 dis-

94 788 206 841 sectum
227 781 340 858 utrique
362 779 472 840 lacerto
499 778 643 856 adligant,
672 789 769 840 cetera
797 779 923 840 sinistro.
969 796 1021 838 cor
1044 795 1092 837 an·

94 864 190 942 guium
205 863 320 923 sinistra
338 881 420 924 mauu
435 872 599 941 exemptum
614 863 787 939 niventibus,
804 864 968 940 scorpionis
984 861 1092 923 caudae

95 956 229 1026 quattuor
244 947 382 1007 articulos
397 965 460 1007 cum
475 946 587 1021 aculco,
604 963 698 1025 panno
717 948 818 1025 nigro,
840 950 877 1006 ita
896 955 927 1006 ut
941 964 998 1006 nec
1012 962 1091 1005 seor·

94 1033 212 1110 pionem
232 1031 378 1091 dimissum
396 1049 453 1091 nec
474 1048 537 1089 eum
558 1032 606 1107 qui
629 1030 917 1107 adligaverit.videat
931 1048 1022 1108 aeger
1042 1029 1092 1088 tri·

56 1115 164 1193 tudun,
179 1124 247 1194 post
260 1117 375 1175 tertium
392 1115 540 1174 circuitum
560 1113 588 1173 id
611 1114 725 1173 condat.
768 1131 885 1174 urucam
906 1113 935 1173 in
951 1112 1073 1174 linteolo
1084 1123 1133 1175 101

93 1208 139 1261 ter
153 1199 211 1259 lino
229 1197 405 1258 circumdant
424 1197 542 1256 totidem
563 1196 647 1256 nodis
667 1195 702 1255 ad
721 1197 853 1273 singulos
871 1199 985 1258 dicente
1003 1213 1093 1276 quare

94 1283 182 1343 iaciat
198 1283 245 1360 qui
260 1280 432 1357 medebitur,
447 1281 579 1340 limacem
594 1281 622 1338 in
644 1279 781 1357 pellicula
797 1281 845 1340 vel
861 1289 996 1358 quattuor
1014 1281 1091 1339 lima·

95 1383 160 1426 oum
180 1364 274 1443 capita
289 1365 423 1443 praecisa
438 1362 608 1439 harundine,
625 1362 811 1442 multipedam
826 1364 909 1424 lanae
925 1363 1092 1438 involutam,

94 1448 271 1510 vermiculos
294 1465 332 1507 err
353 1447 456 1525 quibus
469 1447 566 1507 tabani
581 1448 665 1524 hunt,
686 1455 838 1525 antequam
862 1448 964 1526 pinnas
988 1446 1092 1523 genni-

59 1542 179 1609 rtnent‚
197 1533 270 1592 alios
285 1549 302 1591 e
318 1532 445 1611 spinosis
459 1530 591 1590 frutectis
613 1531 810 1608 lanuginosos.
841 1529 956 1609 qnidam
978 1547 1015 1589 ex
1035 1529 1094 1588 illis

94 1625 252 1698 quaternos
274 1615 403 1676 inclusos
425 1613 568 1692 iuglandis
586 1615 668 1673 uncis
694 1617 839 1693 putamine
858 1613 1014 1691 adalligant
1044 1629 1093 1672 co·

95 1703 235 1778 oleasque
257 1717 331 1777 quae
352 1698 445 1758 nudae
467 1699 657 1759 inueniuntur.
690 1700 843 1759 stelionem
864 1698 1006 1758 inclusum
1026 1715 1072 1758 ca·
1084 1705 1135 1759 102

94 1785 186 1864 psulis
201 1782 344 1844 subiciunt
359 1783 446 1862 capiti
463 1791 493 1844 et
508 1782 562 1842 sub
582 1781 707 1843 decessu
724 1782 816 1843 iehris
833 1784 981 1860 emittunt,
1003 1782 1093 1842 devo·

94 1869 151 1929 rari
174 1877 267 1928 autem
289 1866 389 1927 iubent
413 1883 466 1927 cor
490 1868 584 1944 mergi
604 1868 705 1927 marini
732 1869 794 1927 sine
820 1868 901 1927 ferro
929 1875 1093 1944 exemptum

53 1953 339 2030 aoinveteratumqne
355 1952 467 2010 conteri
484 1959 513 2010 et
534 1953 563 2010 in
579 1951 671 2010 calida
687 1968 761 2029 aqna
776 1950 847 2026 bibi,
866 1951 954 2011 corda
969 1948 1092 2010 hirundi-

94 2054 159 2095 num
174 2053 237 2094 cum
252 2035 349 2094 melle.
383 2033 430 2094 alii
446 2035 540 2093 limum
557 2033 692 2094 drachma
707 2052 761 2093 una
777 2035 806 2093 in
821 2034 905 2094 lactis
920 2034 1030 2112 caprini
1044 2031 1093 2090 vel

94 2117 175 2180 ovilli
192 2118 240 2178 vel
258 2119 336 2197 passi
353 2117 465 2191 cyathis
480 2118 571 2178 tribus
582 2125 648 2176 ante
663 2117 863 2195 accessiones,
876 2125 940 2177 sunt
951 2117 1000 2195 qui
1015 2124 1092 2175 totas

94 2210 234 2262 censeant
252 2200 445 2262 devorandas.
488 2200 598 2280 aspidis
622 2211 717 2262 cutem
739 2201 870 2281 pondere
890 2208 973 2261 sexta
989 2208 1136 2279 parte103

94 2285 195 2346 denari
215 2303 277 2345 cum
293 2286 404 2365 piperis
418 2284 578 2363 parimodo
590 2285 759 2348 Parthorum
774 2295 879 2362 gentes
894 2286 923 2343 in
934 2283 1092 2345 remedium

52 2378 251 2449 aequartanae
273 2369 381 2429 bibunt.
414 2366 597 2447 Chrysippus
618 2369 810 2448 philosophus
832 2368 948 2429 tradidit
967 2367 1092 2447 phryga-

92 2456 161 2514 nion
178 2452 363 2530 adalligatum
377 2452 505 2512 remedio
522 2470 588 2511 esse
605 2455 759 2529 quartanis.
798 2451 874 2529 quod
893 2461 974 2511 esset
988 2452 1093 2511 animal

92 2554 188 2615 neque
205 2535 256 2595 ille
271 2535 427 2614 descripsit
440 2552 498 2593 nec
513 2552 566 2595 nos
579 2535 738 2594 invenimus
755 2535 802 2612 qui
818 2536 958 2595 novisset.
975 2533 1092 2593 demon·

93 2619 240 2679 strandum
251 2627 346 2679 tamen
359 2618 412 2678 tuit
425 2634 441 2676 a
456 2626 512 2677 tam
523 2618 607 2695 graui
617 2626 736 2678 auctore
752 2618 868 2693 dictum,
886 2620 910 2677 si
926 2619 1007 2676 cuius
1024 2634 1093 2676 eura

94 2703 246 2764 efficacior
261 2711 341 2761 esset
357 2700 528 2779 inquirendi.
563 2701 688 2760 cornicis
710 2702 804 2760 earnis
825 2720 910 2778 esse,
933 2701 1036 2760 nitrum
1051 2701 1091 2759 in·

55 2788 187 2850 aolinere
210 2785 239 2844 in
259 2784 354 2862 longis
371 2782 480 2844 morbis
495 2785 674 2845 utilissimum
695 2794 804 2863 putant.
846 2783 883 2845 Et
899 2787 926 2844 in
941 2785 1071 2845 tertianis
1085 2794 1135 2848 104

93 2872 143 2932 liat
161 2876 292 2950 potestas
309 2868 497 2947 experiendi,
521 2871 655 2947 quoniam
673 2871 804 2930 miserias
824 2870 911 2948 copia
927 2870 992 2949 spei
1012 2868 1091 2929 dele·

95 2963 160 3031 ctat,
179 2971 252 3013 anne
270 2953 378 3030 aranei,
397 2970 481 3031 quem
496 2953 583 3028 lycon
601 2962 718 3032 vocant,
735 2955 794 3014 tela
811 2956 951 3032 cumipse
966 2956 996 3012 in
1013 2954 1091 3031 sple-

93 3038 174 3099 niolo
186 3039 301 3097 resinae
320 3055 465 3115 ceraeque
480 3037 604 3115 inposita
622 3039 752 3117 utrisque
766 3039 945 3117 temporibus
962 3046 992 3097 et
1002 3036 1090 3096 fronti

93 3123 197 3202 prosit,
214 3129 262 3180 aut
276 3122 342 3198 ipse
359 3120 469 3180 calamo
485 3120 675 3200 adalligatus,
695 3123 819 3201 qualiter
834 3132 863 3182 et
880 3123 943 3182 aliis
961 3119 1091 3179 febribus

55 3203 386 3285 connuncupantur,
409 3204 477 3262 item
490 3204 600 3265 lacerta
621 3205 721 3266 viridis
739 3206 894 3282 adalligata
917 3205 982 3263 viva
1003 3205 1030 3261 in
1054 3219 1090 3262 ec

92 3307 163 3349 vase
178 3287 256 3367 quod
275 3287 385 3366 capiat,
411 3304 468 3365 quo
489 3305 598 3365 genere
617 3298 646 3350 et
666 3288 810 3349 recidivas
829 3289 999 3365 frequenter
1014 3285 1091 3361 abigi

91 3372 249 3432 adhnnant.

111 3508 113 3512 ,
153 3454 237 3534 (31.)
260 3453 436 3533 Hydropicis
453 3472 594 3534 oesypum
609 3474 647 3516 ex
659 3456 725 3516 vino
741 3455 836 3516 addita
850 3471 947 3514 murra
958 3452 1146 3512 modicexnn
