2400 3840
290 179 725 235 unr.msr.xx111110.11
747 174 899 254 (or-52)
1054 177 1095 236 49

92 341 249 440 arborum,
276 340 455 402 comantibus
482 342 629 401 acinorum
650 342 805 418 corymbis.
838 349 939 401 contra
953 348 1096 400 venenata

92 425 192 500 omnia
225 424 417 485 efficacissimi
458 426 489 484 in
522 417 613 484 totum
654 425 801 486 acinorum
826 441 897 485 suco
938 424 1095 485 Infantihus

93 525 186 586 saepo
203 506 345 568 instillato
365 506 443 568 nulla
462 515 567 586 postea
588 525 701 568 venena
719 511 859 570 nocitura.
898 507 1020 569 alterurn
1043 525 1095 583 ge·

93 610 148 653 nus
163 589 240 651 culta
254 609 350 651 amare
367 593 420 651 et'
411 611 442 650 m
456 591 500 651 his
521 591 619 669 gigni,
640 589 745 653 nullius
767 593 898 654 effectus.
925 591 1003 652 iilam
1024 608 1093 651 esse

75 663 228 735 aminoen
243 677 371 753 priorem
392 677 473 734 cuius
495 674 602 752 lignum
625 674 661 735 ad
680 678 757 737 aurIs
780 693 885 737 sonare
906 675 1080 737 diximus.
1062 673 1090 718 ¹⁰
1102 674 1137 709 ¹⁵⁶

92 758 223 819 Similem
240 758 306 818 huic
321 757 409 836 aliqui
427 757 578 819 clematida
596 757 835 836 appellaverunt,
861 767 1012 838 repentem
1036 774 1091 835 per
1102 765 1138 820 84

92 843 235 921 arbores,
266 842 458 923 geniculatam
474 850 503 902 et
525 843 624 920 ipsam.
651 842 722 902 folia
744 845 807 904 eius
835 842 932 920 lepras
957 848 1092 920 purgant,

93 943 197 986 semen
208 925 303 986 alvom
314 924 404 986 solunt
415 924 835 1005 acetahulrmensurarnaquae
846 924 1094 1002 hemrnaautaqua

93 1007 193 1069 mulsa.
228 1008 310 1068 datur
326 1026 364 1068 ex
379 1009 479 1068 eadem
494 1026 580 1068 causa
592 1017 621 1068 et
637 1008 790 1070 decoctum
806 1012 878 1070 eius.

60 1099 85 1141 ¹⁰
161 1093 208 1150 ll
234 1091 315 1171 (50)
345 1089 516 1152 harundinis
531 1109 641 1168 genera
657 1090 797 1153 XXVIIII
820 1092 1134 1166 demonstravimus‚85

94 1192 153 1236 uon
171 1173 256 1234 aliter
272 1174 454 1234 evidentiore
472 1173 522 1235 illa
541 1182 660 1234 naturae
681 1177 708 1234 vi
732 1193 815 1253 quam
837 1175 980 1234 continuis
1003 1172 1086 1234 his¹⁸
1100 1171 1136 1206 ¹⁶⁸

94 1257 288 1318 voluminibus
304 1266 468 1334 tractamus,
485 1257 628 1335 siquidem
642 1256 806 1318 harundinis
821 1257 904 1318 radix
918 1260 1043 1318 contrita
1063 1265 1094 1318 et

94 1342 222 1419 inposita
238 1341 333 1401 felicis
350 1343 471 1418 stirpem
480 1357 607 1417 corpore
620 1340 755 1416 extrahit,
769 1342 840 1400 item
850 1339 1037 1401 harundinem
1051 1342 1093 1400 le·

95 1423 161 1484 linis
185 1424 276 1484 radix.
310 1433 340 1484 et
360 1425 494 1502 quoniam
514 1422 597 1501 plura
617 1441 727 1501 genera
744 1424 880 1499 lecimus,
902 1423 951 1483 illa
966 1441 1040 1501 quae
1062 1425 1093 1483 in

61 1515 86 1577 ti
96 1506 351 1585 IudaeaSyriaque
371 1509 498 1566 nascitur
514 1506 634 1566 odorum
651 1514 920 1584 unguentorumque
932 1524 1018 1566 nausa
1035 1509 1092 1566 uri·

94 1608 160 1650 nam
174 1599 277 1650 movet
291 1608 354 1650 cum
369 1591 498 1668 gremius
512 1597 560 1648 aut
577 1592 624 1667 api
640 1592 750 1650 semine
761 1590 892 1666 decocta,
900 1593 958 1650 ciet
969 1597 999 1649 et
1014 1609 1092 1650 men-

95 1682 176 1734 strua
200 1673 320 1734 admota.
349 1673 481 1733 medetur
501 1672 649 1733 convolsis
665 1673 776 1734 dnobus
801 1673 896 1734 oholis
914 1682 983 1752 pota
990 1716 1000 1751 ,
1019 1674 1134 1739 ioci-86

96 1758 160 1816 neri
169 1799 179 1835 ‚
195 1757 331 1834 renibus,
354 1756 493 1834 hydropi,
509 1758 581 1816 tussi
598 1759 684 1819 etiam
698 1757 796 1818 suilltu
807 1759 956 1834 magisque
969 1775 1032 1816 cunr
1046 1776 1092 1816 re·

96 1842 176 1918 sina,
192 1840 350 1899 lurlurihus
364 1840 550 1917 ulcerumque
565 1841 743 1903 manantibus
764 1858 827 1900 curn
850 1858 945 1901 murra
960 1841 1089 1900 decocta.

59 1936 87 1978 2⁰
97 1923 241 2004 excipitur
263 1931 293 1982 et
315 1941 399 1983 sucus
415 1925 479 1984 elus
495 1923 585 2000 litque
603 1922 725 1983 elaterio
744 1922 864 1983 similis⁴¹
893 1923 1091 1983 efficacissima

94 2009 125 2066 iu
143 2007 218 2066 omni
234 2005 392 2067 harundine
407 2025 482 2084 quae
497 2023 637 2085 proxuma
652 2006 751 2082 radici,
770 2006 934 2066 efficaciora
949 2005 1089 2082 genicula.

93 2089 224 2149 harundo
238 2087 356 2167 Cypria,
370 2108 444 2168 quae
457 2090 552 2150 donax
563 2097 693 2167 vocatur,
705 2090 822 2149 corticis
832 2092 932 2149 cinere
943 2089 1090 2166 alopecias

95 2171 247 2249 emendat,
262 2174 331 2232 itam
352 2176 550 2252 putrescentia
570 2173 676 2234 ulcera.
707 2172 787 2233 loliis
808 2174 871 2232 eius
886 2172 921 2232 ad
934 2171 1132 2236 extrahar-87

95 2255 150 2317 dos
164 2255 283 2316 aculeos
303 2264 438 2335 utuntur,
460 2257 627 2317 eilicaoihus
645 2265 675 2316 et
696 2264 796 2317 contra
818 2257 894 2334 ignis
911 2273 1011 2323 sacros
1031 2255 1091 2315 col·

58 2339 299 2418 aelectionesque
323 2341 424 2400 omnis.
454 2339 584 2417 volgaris
598 2339 725 2400 harundo
746 2341 951 2403 extractoriam
970 2337 1028 2398 vim
1043 2337 1091 2398 ha·

95 2423 148 2485 het
164 2431 195 2484 et
210 2441 314 2484 recens
336 2432 437 2500 tunsa,
457 2441 515 2484 non
537 2426 566 2481 in
587 2423 684 2483 radice
697 2430 819 2499 tantum,
841 2423 959 2482 multum
973 2423 1049 2481 enim
1061 2431 1092 2482 et

95 2508 189 2586 ipsam
201 2505 386 2568 harundinem
403 2507 503 2567 ualere
520 2505 641 2564 tradunt.
668 2505 800 2565 medetur
821 2514 850 2564 et
866 2504 971 2564 luxatis
988 2513 1018 2564 et
1033 2507 1091 2582 spi-

96 2608 152 2650 nae
167 2589 318 2650 dolorihus
333 2590 415 2650 radix
436 2592 465 2649 in
479 2597 563 2648 aceto
579 2588 676 2666 inlita,
693 2587 794 2648 eadem
809 2607 914 2647 recens
936 2589 1003 2645 trita
1018 2597 1048 2647 ct
1062 2589 1091 2646 in

97 2675 165 2733 vino
179 2681 248 2751 pota
265 2691 405 2736 venerem
419 2674 552 2734 concitat.
586 2670 770 2730 harundinum
788 2670 893 2747 lanugo
916 2669 997 2731 inlita
1018 2672 1090 2730 auri·

60 2756 150 2819 ethus
167 2755 298 2834 optundit
312 2759 445 2819 auditum.

159 2839 241 2919 (51.)
275 2838 404 2919 Cognata
432 2842 461 2902 in
480 2841 619 2918 Aegypto
640 2858 689 2899 res
712 2847 758 2899 est
774 2837 921 2898 harundini
938 2849 1134 2916 papyrum&

96 2925 271 3002 praecipuae
295 2925 443 3003 utilitatis,
459 2942 523 2985 curn
545 2924 665 2999 inaruit,
682 2922 717 2983 ad
732 2920 866 2983 laxandas
883 2921 1090 2999 siccandasque

96 3005 207 3066 fistulas
226 3015 256 3066 et
271 3008 488 3069 intumescendo
505 3007 539 3068 ad
560 3007 708 3067 introitum
727 3005 999 3066 medicamentorum
1022 3023 1089 3082 ape·

95 3090 221 3150 riandas.
258 3090 355 3151 oharta
379 3109 453 3169 quae
474 3092 506 3150 lit
528 3109 566 3151 ex
594 3108 630 3150 eu
653 3098 778 3149 cremata
798 3091 876 3148 inter
893 3090 1018 3149 caustica
1034 3097 1088 3148 est.

61 3173 172 3232 ³⁵oinis
190 3175 253 3233 eius
276 3193 314 3234 ex
335 3176 403 3234 vino
422 3183 509 3253 potus
532 3191 660 3235 somnum
675 3174 760 3250 iacit,
785 3174 848 3250 ipsa
867 3190 905 3231 ex
918 3190 990 3250 aqua
1007 3173 1089 3250 inpo-

97 3257 153 3316 sita
165 3256 269 3318 callum
284 3266 373 3318 sanat.
477 3266 479 3271 ’

159 3340 240 3420 (52.)
268 3340 346 3401 Ne
337 3361 367 3402 ιι
391 3342 529 3439 Aegypto
547 3340 661 3418 quidem
677 3341 802 3399 nascitur
819 3338 962 3414 hebenus,
982 3345 1013 3395 ut
1030 3335 1080 3396 do·
1090 3346 1127 3400 89

97 3424 217 3502 culmus,
232 3442 287 3485 uec
298 3427 477 3486 tractamns'
467 3443 498 3484 ιιι
509 3423 650 3484 medicina
668 3421 779 3483 alienos
795 3421 888 3498 orbis,
898 3420 1092 3481 nonornit
1061 3417 1092 3459 ¹²
1103 3417 1128 3452 ¹²

146 3507 944 3571 rn1n.nnr.a1sr.1v.h
