2400 3840
324 217 405 266 usr.
422 216 512 266 uisu.
528 218 638 268 xxuu.
653 213 712 268 ot.
730 205 882 284 (aa-aa.)
1049 208 1087 267 41

94 373 138 434 sio
152 379 184 431 et
197 370 297 432 ulcera
314 380 430 450 purgat,
445 371 554 452 explet.
588 390 651 433 cum
666 391 721 434 ura
741 390 829 452 passa
847 380 878 432 et
891 374 1016 450 axungia
1030 390 1093 432 car·

94 453 237 514 buaculos
257 463 363 533 purgat
382 464 413 515 et
431 458 629 534 putrescentia
649 455 766 533 ulcera,
787 472 862 534 quae
882 472 955 515 vero
972 464 1095 534 serpunt

89 555 157 598 cnm
173 539 262 620 pineo
278 541 389 598 cortice
407 549 455 599 aut
470 540 598 618 sulpure.
630 539 781 619 phthisicis
802 541 888 599 etiam
902 538 997 615 cyathi
1012 556 1091 598 men·
1101 550 1136 605 39

94 639 160 682 sura
183 621 297 699 quidam
325 622 469 682 dederuut
491 632 522 683 et
544 631 646 684 contra
662 631 794 684 veterem
815 624 924 683 tussim.
952 623 1093 700 rhagadas

68 705 174 767 ssedis
196 712 227 765 et
242 704 346 783 pedum
362 723 513 785 panosque
524 715 556 767 et
569 708 673 785 unguis
685 708 806 768 scabros
821 707 972 784 amendat,
987 705 1093 767 volvae

95 790 216 850 duritias
240 798 271 849 et
295 791 507 851 conversiones
536 791 645 866 odore,
667 793 738 852 item
753 791 949 868 lethargicos,
970 799 1093 851 strumas

95 888 159 932 cum
171 873 266 932 farina
281 871 446 934 hordeacea
464 883 495 934 ct
512 876 595 954 pueri
612 876 727 954 inpubis
745 877 827 935 urina
841 874 964 934 dococta
980 873 1014 934 ad
1027 892 1095 952 sup·

94 957 277 1034 purationem
298 957 439 1035 perducit.
474 967 504 1018 at
526 958 561 1018 ad
575 957 724 1038 alopecias
742 960 819 1018 sicca
834 960 901 1037 pice
916 964 1044 1034 utuntur,
1059 958 1095 1018 ad

93 1039 245 1098 mulierum
266 1056 398 1100 mammas
426 1039 537 1101 Bruttia
563 1060 602 1102 ex
616 1044 684 1101 vino
709 1042 925 1102 subfervefacta
947 1059 1011 1100 cum
1032 1041 1095 1119 pol·

52 1134 83 1177 aa
93 1121 153 1182 line
170 1124 305 1184 farraceo
320 1141 403 1202 quam
420 1123 601 1185 calidissimis
618 1127 761 1204 inpositis.

158 1204 242 1289 (24.)
271 1205 392 1285 liquida
416 1208 467 1285 pix
494 1208 648 1287 oleumque
677 1208 754 1286 quod
784 1208 953 1287 pisselaeon
987 1215 1138 1271 vocantia

94 1289 330 1369 quemadmodum
346 1291 432 1352 beret
453 1291 583 1352 diximus.
613 1292 726 1371 quidam
741 1293 845 1351 iterum
862 1290 1005 1351 decocunt
1022 1299 1053 1351 et
1076 1309 1138 1351 rem

94 1380 200 1433 vocant
220 1373 424 1452 palimpissam.
458 1375 564 1454 liquida
590 1377 712 1452 anginae
732 1382 932 1452 perunguntur
960 1377 1037 1434 intus
1063 1383 1093 1434 at

93 1474 157 1516 uva.
201 1457 310 1516 aurium
335 1458 472 1535 dolores,
494 1458 655 1518 claritatem
682 1457 845 1532 oculorum,
874 1458 934 1519 oris
956 1456 1096 1517 circumli-

60 1553 86 1595 ιι
96 1542 211 1617 tiones,
239 1543 417 1619 suspiriosas
433 1540 555 1620 volvas,
585 1545 685 1602 tussim
699 1548 833 1602 veterem
855 1549 886 1600 et
903 1540 1022 1601 crebras
1044 1558 1094 1600 ex·

95 1626 278 1685 screationes
295 1628 442 1704 pectoris,
459 1643 608 1705 spasmos,
631 1635 791 1701 tremores,
814 1624 1032 1704 opisthotonos,
1047 1641 1096 1703 pa-

94 1709 218 1784 ralysis,
234 1726 390 1768 nervorum
406 1709 536 1789 dolores,
553 1709 588 1744 ³⁸*
603 1710 881 1790 praestantissimum
900 1709 935 1768 ad
951 1716 1094 1770 canumet

94 1793 287 1851 iumentorum
302 1793 437 1853 scabiem.

158 1875 241 1954 (25.)
269 1873 325 1934 ‘Est
341 1885 372 1936 et
388 1876 601 1956 pissasphaltos
615 1879 703 1937 mixta
729 1876 860 1936 bitumini
876 1878 941 1954 pice
959 1875 1092 1934 naturali·
1102 1884 1136 1938 41

57 1967 85 2008 ²⁰
96 1966 143 2019 ter
159 1976 197 2018 ex
213 1958 464 2037 Apolloniatarum
482 1978 562 2038 agro.
578 1960 691 2038 quidam
703 1961 759 2037 ipsi
775 1961 897 2018 miscent
908 1960 1095 2037 praecipuum

94 2041 129 2101 ad
145 2039 275 2102 scabiem
289 2059 429 2121 pecorum
446 2044 604 2104 remedium
617 2052 665 2104 aut
685 2045 710 2102 si
725 2043 802 2102 fetus
818 2057 951 2101 mammas
974 2041 1094 2100 laeserit

93 2132 224 2185 matrum.
257 2134 403 2205 optumum
424 2144 515 2188 exeo
534 2128 687 2205 quodcum
705 2127 802 2186 fervet
816 2125 932 2184 innatat.

157 2207 239 2288 (26.)
254 2207 406 2288 zopissam
417 2211 495 2271 eradi
510 2211 630 2271 navibus
643 2211 765 2271 diximus
777 2226 845 2269 cera
860 2210 970 2268 marino
987 2209 1049 2268 sale
1072 2227 1100 2267 a.
1114 2228 1139 2260 a

94 2300 247 2354 macerata.
277 2301 393 2371 optuma
409 2293 511 2354 baeca
527 2296 660 2354 tirocinio
679 2294 800 2354 navium.
827 2292 939 2352 additur
956 2301 1051 2352 autem
1065 2293 1096 2352 in

58 2389 85 2431 rs
96 2375 265 2453 malagmata
280 2376 315 2435 ad
331 2376 527 2437 discutiendas
542 2378 744 2438 collectiones.

157 2459 240 2539 (27.)
270 2459 366 2519 'faeda
390 2460 512 2521 decocta
533 2463 562 2521 in
582 2469 667 2521 aceto
689 2461 815 2521 dentium
830 2459 950 2519 dolores
973 2460 1096 2519 efficaci-

96 2551 142 2604 ter
158 2543 305 2604 conluunt.

157 2624 239 2706 (28.)
267 2626 396 2688 Lentisci
412 2645 451 2687 ex
464 2628 572 2687 arbore
593 2634 623 2685 et
637 2644 738 2686 semen
753 2633 783 2685 et
803 2632 907 2685 cortex
927 2633 957 2686 et
977 2624 1140 2688 lacrimali

94 2712 205 2771 urinam
226 2713 323 2788 cient,
346 2711 442 2771 alvom
462 2712 575 2771 sistunt.
614 2709 765 2770 decoctum
786 2725 886 2770 eorum
901 2708 999 2769 ulcera
1022 2724 1096 2786 quae

59 2801 218 2873 tosarpuirt
246 2795 317 2855 fotu.
359 2794 488 2855 inlinitur
502 2795 531 2854 in
552 2793 653 2854 umidis
682 2802 713 2854 et
738 2793 798 2871 igni
827 2809 929 2870 sacro,
962 2793 1096 2870 gingivas

95 2877 213 2939 conluit.
245 2879 315 2940 folia
334 2878 469 2940 dentibus
499 2877 602 2939 dolore
624 2885 802 2954 atteruntur,
827 2876 952 2937 mobiles
973 2876 1096 2937 decocto

95 2961 286 3040 conluantur,
319 2962 453 3041 capillum
479 2964 592 3040 tinguit.
634 2961 749 3021 lacrima
773 2960 851 3021 sedis
871 2961 949 3021 vitiis
964 2959 1097 3039 prodest,

95 3062 159 3105 cum
174 3045 242 3124 quid
257 3048 360 3106 siccari
378 3045 568 3106 excalfierive
577 3063 651 3124 opus
667 3046 712 3105 sit.
743 3045 893 3104 decoctum
906 3053 936 3105 et
949 3063 966 3104 e
983 3044 1098 3103 lacrima

95 3129 244 3189 stomacho
268 3130 355 3206 utile,
379 3137 489 3189 ructum
512 3136 542 3190 et
566 3130 674 3189 urinam
694 3145 832 3204 movens,
854 3127 931 3205 quod
949 3136 979 3187 ct
995 3127 1097 3204 capitis

61 3211 248 3274 sodoloribus
270 3231 333 3273 cum
356 3213 475 3292 polenta
496 3213 632 3272 inlinitur.
660 3210 731 3271 folia
760 3219 862 3272 tenera
883 3211 974 3270 oculis
991 3209 1098 3269 inflam-

96 3298 178 3357 matis
193 3296 358 3357 inlinuntur.
395 3296 534 3357 mastiche
556 3296 670 3356 lentisci
694 3294 869 3373 replicandis
893 3293 1042 3371 palpebris
1064 3298 1139 3354 etis

96 3379 131 3438 ad
147 3380 357 3441 extendendam
378 3389 473 3440 cutem
491 3381 520 3440 iu
544 3381 618 3440 facie
645 3387 676 3440 et
695 3385 853 3455 zmegmata
875 3376 1042 3451 adhibetur,
1067 3384 1097 3435 et

96 3465 265 3541 sanguinem
277 3465 486 3540 reicientibus,
503 3464 575 3523 tussi
588 3464 702 3540 ueteri,
718 3469 748 3523 et
763 3461 916 3522 adomnia
927 3477 1010 3537 uuae
1030 3474 1111 3515 ucu-
