2400 3840
10 212 14 297 p
328 220 409 266 nan.
425 217 516 266 ursa.
533 218 615 266 anu.
631 215 658 269 7.
673 215 697 268 8.
727 201 876 287 (aa-49.)
1052 207 1091 268 83

162 374 243 451 (45.)
263 372 481 434 lschaemonem
497 370 619 431 l'bracia
642 373 769 448 invenit,
793 389 848 451 qua
866 371 962 431 lerunt
980 377 1093 451 sangui·

98 475 165 518 nem
185 458 248 516 sisti
271 474 329 516 non
345 464 446 537 aperta
460 456 546 515 modo
562 473 636 515 vena
656 454 708 515 sed
725 456 810 514 etiam
826 457 965 533 praecisa.
999 460 1092 535 serpit

99 561 115 601 e
138 550 216 600 terra
239 540 318 599 milio
342 539 454 616 similis,
477 539 555 599 ioliis
577 541 690 617 asperis
710 546 739 598 et
757 538 944 616 lanuginosis.
975 539 1094 599 farcitur

99 628 127 684 in
145 625 223 684 naris
240 642 313 703 qnae
334 625 363 683 in
380 622 462 682 ltalia
485 624 614 682 nascitur
638 630 668 682 et
691 624 859 699 sanguinem
878 622 979 682 eadam
997 623 1094 683 adalli-

76 718 165 786 cgata
181 709 266 767 sistit.

161 792 242 870 (46.)
262 791 408 851 Vettones
429 792 459 850 in
473 789 611 868 Hispania
633 807 695 850 eam
719 808 793 869 quae
809 789 965 850 Vettonica
986 789 1135 856 dicitnrso

19 911 21 915 .
98 878 127 934 in
149 874 251 952 Gallia,
271 877 300 934 in
321 873 403 934 ltalia
419 876 519 935 ‘autem
543 873 696 950 serratula,
725 891 740 932 a
761 871 880 934 Graecis
906 881 1021 933 cestros
1045 883 1093 933 aut

98 957 355 1037 psvcbotrophon,
386 967 452 1018 ante
480 965 597 1016 cunctas
625 956 827 1017 laudatissima.
865 959 926 1016 exit
950 957 1092 1034 anguloso

99 1041 182 1102 caule
201 1042 363 1101 cubitorum
378 1041 462 1100 duum
479 1060 497 1101 e
516 1040 614 1100 radice
631 1058 772 1118 spargens
793 1039 862 1100 lolia
886 1040 950 1100 lere
974 1040 1092 1119 lapathi,

64 1141 88 1181 1c
99 1133 222 1201 serrata,
243 1126 354 1185 semine
372 1142 529 1203 purpureo.
561 1124 631 1183 lolia
644 1124 793 1183 ‘siccantur
813 1125 842 1182 in
862 1125 981 1183 farinam
997 1124 1093 1202 pluru-

98 1227 161 1269 mos
182 1208 223 1267 ad.
234 1227 311 1268 usus.
347 1207 378 1267 iit
392 1209 488 1267 vinum
504 1226 540 1267 ex
556 1225 590 1267 ea
607 1216 636 1266 et
656 1215 769 1266 acetum
785 1207 933 1266 stomacho
958 1215 988 1266 et
1010 1208 1092 1267 clari·

99 1293 151 1351 tati
167 1291 327 1370 oculorum,
349 1300 515 1370 tantumque
537 1291 650 1369 gloriae
673 1289 761 1349 babet
776 1297 807 1348 ut
822 1289 921 1350 domus
938 1293 967 1349 in
984 1308 1038 1368 qua
1055 1294 1093 1350 sit

99 1384 160 1434 tuta
175 1372 357 1435 existimetur
375 1393 392 1435 a
407 1375 528 1453 piaculis
546 1373 686 1434 omnibus.

39 1459 45 1468 '
159 1460 241 1538 (47.)
264 1459 297 1518 ln
312 1458 411 1519 eadem
426 1457 564 1537 Hispania
585 1460 701 1516 inventa
718 1465 763 1516 est
775 1454 945 1517 Cantabrica
961 1475 1015 1535 per
1030 1457 1087 1518 divi
1100 1469 1134 1523 85

63 1562 88 1601 ιε
100 1543 227 1621 Augusti
243 1551 374 1621 tempora
391 1561 406 1601 a
424 1540 575 1602 Cantabris
592 1548 718 1619 reperta.
744 1542 871 1600 nascitur
884 1540 992 1619 ubique
1009 1541 1091 1602 caule

99 1629 204 1686 iunceo
220 1625 327 1704 pedali,
345 1628 448 1704 inquo
467 1634 533 1685 sunt
550 1623 662 1685 flosculi
684 1623 803 1701 oblongi
820 1623 909 1683 veluti
927 1624 1042 1703 calathi,
1063 1628 1092 1684 in

98 1710 145 1770 his
170 1727 270 1770 semen
291 1727 430 1788 perquam
450 1712 595 1768 minutum.
625 1706 688 1767 Nec
708 1708 779 1767 alias
796 1707 917 1768 deluere
935 1706 1091 1787 Hispaniae

98 1793 199 1853 herbis
223 1793 421 1870 exquirendis,
444 1801 474 1851 ut
496 1794 525 1851 iu
547 1793 650 1871 quibus
672 1793 833 1851 etiamnunc
855 1791 942 1852 bodie
965 1794 994 1851 in
1010 1811 1091 1853 more

99 1879 137 1937 sit
154 1876 279 1936 laetiore
298 1878 433 1935 convictu
452 1876 600 1953 potionem
616 1895 632 1935 e
648 1883 762 1934 centum
779 1874 879 1935 herbis
899 1876 993 1936 mulso
1016 1875 1092 1936 addi-

61 1963 135 2019 eotis
163 1958 286 2020 credere
314 1959 531 2019 saluberrimam
556 1961 819 2036 suavissimamque.
863 1976 917 2018 nec
942 1961 1091 2038 quisquam

97 2061 208 2121 genera
233 2060 331 2102 earum
352 2045 408 2101 iam
428 2044 509 2102 novit
532 2051 580 2102 aut
599 2040 819 2119 multitudinem,
840 2060 973 2101 numerus
997 2051 1091 2102 tamen

97 2134 212 2186 constat
229 2127 397 2185 innomine.

157 2208 244 2291 (48.)
264 2208 372 2269 Nostra
389 2217 469 2270 aetas
486 2211 614 2270 meminit
630 2208 748 2269 herbam
766 2212 795 2268 in
808 2208 912 2269 llarsis
931 2218 1086 2288 repertam.
1098 2221 1133 2275 86

97 2297 226 2354 nascitur
239 2288 275 2352 ¹in
291 2293 463 2371 Aequicolis
485 2295 561 2353 circa
581 2295 675 2352 vicum
688 2292 862 2370 Neruesiae,
882 2302 1003 2353 vocatur
1024 2311 1091 2353 con-

10 2410 12 2419 ·
60 2391 86 2430 25
97 2378 193 2454 siligo.
230 2376 368 2455 prodest,
394 2385 425 2435 ut
441 2376 699 2437 demonstrabimus
718 2395 770 2436 sno
787 2377 864 2463 loeo,
889 2377 1047 2456 deploratis
1070 2398 1133 2440 rens

97 2463 125 2520 in
143 2460 261 2539 phthisi.

158 2543 241 2622 (49.)
268 2543 383 2604 Invenit
406 2562 499 2622 nuper
525 2552 554 2603 et
576 2541 717 2603 Servilius
738 2543 927 2603 Democrates
948 2564 965 2604 e
987 2547 1086 2622 primis
1098 2555 1130 2610 87

11 2630 17 2705 l
96 2627 272 2687 medentium
288 2645 371 2706 qnam
390 2625 548 2707 appellavit
569 2625 693 2703 iberida,
715 2644 883 2705 quamquam
898 2628 965 2686 licto
979 2629 1088 2695 nomini

14 2716 16 2727 '
96 2712 266 2771 inventione
288 2712 352 2770 eius
375 2710 523 2788 adsignata
543 2711 677 2770 carmine,
709 2711 835 2770 nascitur
856 2729 985 2772 maxume
1013 2714 1090 2771 circa

17 2788 21 2839 i
62 2803 201 2854 aovetera
218 2795 391 2854 monimenta
412 2795 629 2873 parietinasque
654 2802 683 2853 et
705 2793 811 2854 inculta
825 2794 967 2855 itinerum.
1002 2795 1089 2855 iloret

18 2862 22 2941 l
96 2895 225 2957 semper,
244 2876 317 2937 lolio
333 2879 473 2954 nasturti,
490 2877 572 2938 caule
587 2877 721 2955 cubitali,
740 2881 850 2938 semine
867 2881 917 2938 vix
933 2889 962 2938 nt
978 2880 1087 2958 adspici

20 2952 25 3039 l
96 2964 199 3040 possit.
234 2961 323 3022 radici
345 2960 419 3021 odor
441 2962 572 3021 nasturti.
603 2979 671 3021 usus
694 2970 805 3022 aestate
829 2963 976 3024 eiiicacicr
998 2974 1027 3024 et
1042 2983 1088 3023 re-

24 3106 25 3113 ,
96 3048 173 3106 eenti
193 3053 308 3104 tantum.
343 3043 470 3103 tunditur
487 3043 649 3104 difficulter.
681 3045 887 3105 coxendicibus
909 3055 939 3106 et
957 3047 1130 3110 articulis88

97 3128 229 3189 omnibus
244 3146 307 3189 cnm
322 3129 445 3205 axungia
460 3126 571 3188 modica
586 3128 748 3205 utilissima,
765 3130 834 3188 viris
850 3128 1007 3207 plurumum
1020 3149 1087 3208 qna·

61 3227 85 3266 ac
95 3215 187 3272 ternis
210 3211 302 3288 boris,
327 3212 441 3272 feminis
459 3212 551 3271 minus
569 3210 683 3271 dimidio
702 3211 865 3289 adalligata,
890 3221 920 3271 ut
937 3213 1040 3272 deinde
1057 3215 1086 3273 in

27 3356 30 3367 ι
96 3296 219 3357 balineis
242 3295 435 3356 descendatur
456 3296 484 3355 in
501 3293 620 3354 calidam
634 3303 664 3354 et
680 3302 784 3374 postea
803 3295 870 3355 oleo
889 3313 922 3356 ac
937 3298 1003 3355 vino
1019 3314 1086 3374 per·

28 3374 30 3378 ’
96 3388 239 3457 unguatur
253 3378 373 3459 corpus,
388 3379 550 3459 diebusque
564 3379 674 3439 vicenis
691 3381 873 3457 interpositis
889 3378 966 3439 idem
979 3381 1050 3454 liat,
1061 3382 1094 3437 si

97 3479 153 3539 qua
181 3463 338 3524 admonitio
365 3463 476 3526 doloris
507 3465 643 3545 supersit.
680 3462 739 3525 hoc
758 3461 852 3523 modo
872 3461 1117 3606 rhgqmatxsmos
