2400 3840
313 191 394 239 nnn.
412 190 503 239 nisu.
519 193 616 239 xxrn.
634 191 660 257 1.
682 179 796 260 (1—5.)
990 181 1051 245 207

123 346 185 426 (3.)
208 346 316 406 Horum
329 346 437 424 placita
454 344 634 425 Chrysippus
650 347 760 422 ingenti
778 347 945 422 garrulitate
961 357 1079 412 muta-5

58 431 100 488 vit
116 430 332 508 plurumumque
354 438 383 488 et
403 447 441 488 ex
456 428 621 509 Chrysippo
638 429 798 508 discipulus
816 431 879 490 eius
895 429 1050 490 Erasistra·

60 522 105 573 tus
119 514 285 574 Aristotelis
301 512 359 572 filia
374 512 498 588 genitus.
536 513 584 573 hic
598 512 745 572 Antiocho
762 531 835 591 rege
851 522 951 574 sanato
970 512 992 573 O
1010 523 1051 573 ta·

59 596 145 657 lentis
163 597 284 657 donatus
302 605 347 655 est
362 612 379 655 a
395 613 469 672 rege
483 595 652 656 Ptolemaeo
668 597 728 657 lilio
744 600 817 672 eius,
834 607 864 657 ut
880 598 1050 676 incipiamus

32 700 45 738 s
59 690 89 740 et
109 682 236 758 praemia
252 681 320 740 artis
336 680 502 740 ostendere.
1033 710 1038 721 ι

121 765 184 842 (4.)
206 763 272 822 Alia
287 763 374 822 factio
390 791 432 808 ε-
453 763 489 822 ab
511 764 717 842 experimentis
738 765 942 840 cognominant
962 763 1049 841 empi-

56 849 138 905 ricen
150 881 194 893 -
214 847 310 925 coepit
332 849 361 906 in
378 845 493 924 Sicilia,
514 845 631 906 Acrone
646 847 847 923 Agragantino
861 846 1050 925 Empedoclis

57 931 170 1008 physici
186 932 355 991 auctoritate
371 929 580 990 commendato.
604 929 666 1006 (5.)
682 930 920 1008 dissederuntque
935 930 990 990 hae
1004 930 1078 994 diuti

58 1013 188 1091 scholae,
202 1024 231 1075 et
245 1015 337 1074 omnis
352 1031 403 1074 eas
423 1014 566 1074 damnavit
580 1012 757 1094 Herophilus
772 1016 800 1074 in
817 1017 942 1074 musicos
959 1014 1050 1092 pedes

20 1119 46 1158 ro
56 1115 192 1158 venarum
209 1099 292 1178 pulsu
308 1097 456 1175 descripto
471 1114 525 1177 per
536 1104 658 1155 aetatum
673 1097 790 1173 gradus.
810 1098 932 1158 Deserta
946 1098 1050 1158 deinde

58 1181 174 1241 ethaeo
189 1191 271 1241 secta
294 1189 349 1256 est,
366 1183 498 1258 quoniam
513 1197 637 1239 necesse
654 1182 762 1239 eratin
783 1199 817 1240 ea
833 1183 944 1241 litteras
962 1185 1048 1242 scire.

56 1273 162 1324 mutata
174 1273 202 1324 et
214 1282 296 1341 qnam
308 1272 411 1341 postea
422 1263 626 1340 Asclepiades,
634 1272 663 1322 ut
674 1263 833 1340 retulimus,
845 1265 1004 1325 invenerat.
1017 1286 1046 1326 aa,
1060 1280 1082 1317 n

57 1346 171 1408 auditor
188 1348 250 1405 eius
263 1346 419 1407 Themison
433 1345 500 1421 luit,
521 1364 611 1423 seque
627 1348 703 1405 inter
723 1347 800 1406 initia
822 1346 975 1425 adscripsit
996 1349 1049 1424 illi,

56 1448 133 1505 mon,
150 1429 329 1506 procedente
347 1430 405 1488 vita
424 1447 484 1506 sua,
504 1438 533 1488 et
551 1430 656 1507 placita
672 1431 800 1504 mutavit,
816 1429 868 1489 sed
884 1439 913 1489 et
930 1430 979 1489 illa
991 1430 1049 1490 Au·

20 1537 46 1575 m
57 1515 153 1574 tonius
166 1513 247 1574 hlusa
259 1511 386 1572 eiusdem
404 1514 573 1572 auctoritate
590 1512 647 1571 divi
661 1512 786 1588 Augusti
804 1530 888 1589 quem
905 1516 1050 1574 contraria

56 1596 198 1656 medicina
220 1597 301 1671 gravi
318 1596 450 1673 periculo
471 1605 628 1655 exemerat.
661 1595 766 1655 hlultos
789 1605 943 1673 praetereo
962 1595 1078 1658 medi-7

58 1698 110 1740 cos
126 1679 394 1755 celeberrimosque
410 1695 448 1738 ex
463 1679 506 1738 his
524 1678 658 1758 Cassios,
677 1678 868 1758 Calpetanos‚
884 1680 1049 1755 Arruntios,

55 1763 194 1824 Rubrius.
217 1764 327 1823 ducena
348 1764 550 1841 quinquagena
562 1762 619 1822 HS.
645 1781 735 1824 annua
749 1765 785 1823 iis
800 1764 951 1824 mercedes
965 1763 1049 1823 luere

57 1847 131 1924 apud
145 1848 302 1925 principes.
328 1844 363 1918 Q.
376 1847 529 1906 Stertinius
546 1847 686 1926 inputavit
702 1846 880 1926 principibus
901 1847 977 1925 quod
990 1846 1047 1906 HS.

16 1955 46 1996 20
58 1931 211 2008 quingenis
226 1931 327 1990 annuis
341 1939 492 1990 contentus
509 1940 604 2005 esset,
625 1949 751 1990 sexcena
764 1933 838 1991 enirn
856 1929 912 1990 sibi
927 1939 1049 2008 quaestu

55 2012 135 2073 urbis
156 2014 246 2072 luisse
269 2014 442 2072 enumeratis
464 2012 594 2072 domibus
620 2013 801 2073 ostendebat.
843 2031 896 2091 par
917 2022 947 2072 et
966 2013 1077 2076 fratrib

56 2100 119 2157 eius
136 2114 250 2156 merces
265 2114 281 2156 a
297 2093 561 2156 claudiocaesare
576 2097 670 2155 inlusa
686 2106 741 2171 est,
757 2114 936 2175 censusque,
952 2115 1048 2174 quarn-

57 2197 140 2257 quam
161 2178 294 2238 exhausti
316 2177 454 2256 operibus
474 2178 600 2257 Neapoli
623 2189 779 2256 exornata,
800 2180 901 2240 heredi
916 2180 973 2240 HS.
988 2181 1049 2247 ῧᾶῑ

55 2264 218 2341 reliquere,
244 2272 376 2338 quantum
399 2271 493 2323 aetate
516 2263 616 2324 eadem
630 2264 783 2324 Arruntius
804 2265 894 2324 solus.
927 2275 1047 2325 exortus

18 2367 46 2405 as
57 2346 160 2406 deinde
184 2354 229 2405 est
244 2345 359 2405 Vettius
376 2347 487 2407 Valens
501 2346 640 2407 adulterio
656 2347 831 2408 Messalinae
856 2347 957 2409 Claudi
974 2348 1046 2408 Gae-

56 2433 129 2490 saris
144 2429 310 2489 nobilitatus
327 2431 492 2508 pariterque
508 2431 691 2507 eloquentiae
705 2430 881 2491 adsectator.
913 2433 938 2489 is
952 2441 981 2491 et
995 2451 1047 2509 po·

56 2516 172 2574 tentiam
186 2520 306 2572 nanctus
321 2530 424 2572 novam
444 2514 563 2571 instituit
580 2521 697 2573 sectum.
739 2513 840 2572 eadem
860 2521 940 2572 aetas
954 2513 1074 2578 Nero-9

55 2599 99 2655 nis
116 2596 277 2674 principatu
292 2595 327 2654 ad
347 2593 515 2654 Thessalum
537 2595 688 2655 transilivit
703 2595 846 2654 delentem
869 2605 971 2656 cuncta
986 2598 1046 2675 pla·
1080 2660 1086 2671 ‚

57 2682 112 2739 cita
135 2688 163 2737 et
188 2677 270 2736 rabie
298 2677 420 2755 quadam
442 2680 470 2737 in
490 2679 581 2737 omnis
609 2681 673 2738 aevi
691 2677 825 2738 <medicos
851 2690 1046 2757 perorantem,

21 2780 45 2817 ao
55 2762 132 2840 quali
151 2761 301 2839 prudentia
316 2762 490 2839 ingenioque
507 2761 650 2823 aestimari
669 2762 715 2821 vel
737 2779 793 2821 uno
814 2772 981 2838 argumento
998 2762 1046 2824 ab·

54 2846 128 2905 unde
144 2853 253 2923 potest,
270 2861 333 2904 cum
350 2847 522 2906 monimento
538 2862 605 2922 suo,
629 2845 706 2923 quod
718 2854 763 2904 est
776 2845 872 2925 Appia
889 2847 945 2923 via,
960 2848 1045 2907 iatro-

54 2931 138 2989 nicen
155 2947 187 2988 se
202 2929 391 3007 inscripserit.
423 2928 528 2990 nullius
549 2930 715 2989 histrionum
733 2946 929 3006 equorumque
945 2933 1045 3008 trigari

55 3014 217 3073 comitatior
232 3030 370 3088 egressus
385 3013 414 3087 in
428 3012 546 3092 publico
564 3023 638 3089 erat,
661 3032 724 3073 curn
741 3012 842 3092 Orines
856 3014 1046 3075 Massiliensis

55 3107 116 3156 arte
130 3098 290 3173 geminata,
312 3105 342 3156 ut
364 3099 474 3157 cautior
493 3099 735 3174 religiosiorqne‚
763 3098 797 3158 ad
814 3098 938 3158 siderum
951 3108 1046 3158 motus
1132 3152 1134 3157 .

21 3198 93 3241 acen
121 3179 306 3260 ephemeride
328 3179 525 3240 mathematica
547 3182 629 3241 cibos
652 3181 746 3241 dando
771 3182 917 3261 horasque
945 3180 1044 3240 obser·

54 3264 147 3323 vando
172 3263 343 3324 auctoritate
372 3281 435 3321 eum
460 3266 637 3341 praecessit,
663 3283 814 3344 nuperque
837 3267 1000 3324 sestertium
1022 3261 1045 3323 G

54 3347 168 3425 reliquit
185 3348 271 3406 muris
294 3347 404 3425 patriae
431 3346 642 3425 moenibusque
663 3349 727 3408 aliis
750 3366 842 3428 paene
864 3365 920 3406 non
936 3347 1044 3414 ¹minori

54 3442 160 3490 summa
178 3431 342 3491 exstructis.
375 3429 411 3490 lli
425 3429 565 3505 regebant
579 3431 655 3508 luta,
679 3450 741 3491 oum
757 3439 879 3508 repente
896 3432 1043 3490 civitatem
1054 3441 1089 3491 to
