2400 3840
133 182 192 248 168
468 191 609 239 comm
625 189 776 240 suenum

128 367 190 410 cum
206 348 254 410 ovi
269 347 355 423 albo,
379 347 528 407 eiilcacius
549 344 780 423 struthocameli,
801 344 875 404 binis
896 345 984 406 horis.
1014 344 1071 405 bac
1093 352 1125 405 et

129 435 277 495 atramenti
297 431 399 491 liturae
419 429 581 490 abluuntur.
610 429 702 488 virilis
723 428 861 506 podagris
887 430 1017 489 medetur
1035 445 1124 506 argu·

127 526 224 577 mento
240 515 389 590 lullonum,
402 531 475 592 quos
491 512 558 572 ideo
573 513 704 590 temptari
721 528 757 570 eo
770 512 872 571 morbo
887 521 1002 589 negant.
1028 511 1124 573 veteri

127 600 265 660 miscetur
281 600 352 658 ciuis
367 607 528 656 ostreorum
545 595 683 655 adversus
701 597 869 673 eruptiones
889 597 918 655 in
936 611 1062 674 corpore
1079 595 1122 653 in-

127 683 244 743 fantium
259 690 288 741 et
306 681 401 741 omnia
415 680 514 739 ulcera
529 681 678 739 manantia.
706 695 741 737 ea
754 680 861 753 exesis,
877 679 1026 756 ambustis,
1043 677 1148 738 sedisa

86 777 120 833 67
132 767 223 841 vitiis,
238 764 385 841 rhagadiis
401 772 429 823 et
446 764 631 841 scorpionum
645 762 750 821 ictibus
767 762 901 822 inlinitur.
933 761 1124 822 obstetricum

129 848 265 910 nobilitas
280 864 339 906 non
362 846 419 906 alio
435 863 507 905 suco
522 845 669 905 eiticacins
691 847 784 906 curari
805 846 999 924 pronuntiavit
1016 861 1123 924 corpo-

129 951 191 993 rum
205 931 341 1009 pruritus,
357 930 432 988 uitro
444 927 540 989 addito
554 928 654 988 ulcera
668 929 802 1007 capitum,
820 931 995 1006 porrigines,
1010 944 1123 1005 nomas,

130 1015 288 1094 praecipue
303 1011 477 1089 genitalium.
500 1030 550 1071 sua
565 1013 668 1090 cuique
679 1020 784 1087 autem,
801 1011 878 1091 quod
893 1012 937 1072 ias
952 1013 989 1071 sit
1000 1012 1124 1086 dixisse,

130 1114 260 1157 maxume
272 1094 403 1174 prodest,
419 1096 570 1156 confestim
586 1113 639 1176 per
649 1112 682 1155 se
697 1098 776 1155 canis
787 1113 884 1155 morsu
896 1094 1123 1172 echinorumque
1135 1109 1159 1152 m

131 1181 222 1259 spinis
236 1178 469 1256 inhaerentibus,
485 1189 514 1238 et
529 1179 557 1238 in
573 1194 704 1258 spongea
722 1178 834 1239 lanisve
855 1180 980 1258 inposita
1000 1186 1049 1238 aut
1074 1176 1123 1237 ad·

129 1281 232 1323 versus
248 1265 327 1322 canis
342 1263 434 1323 rabidi
451 1281 563 1323 morsus
579 1265 677 1322 cinere
695 1281 733 1322 ex
749 1280 783 1322 ea
806 1262 943 1338 subacto,
961 1270 1124 1339 contraque

132 1347 308 1427 serpentium
329 1349 412 1407 ictus.
445 1366 509 1408 nam
525 1357 624 1406 contra
646 1345 854 1426 scolopendras
869 1347 969 1405 mirum
992 1344 1126 1424 proditur

132 1431 243 1493 vertice
256 1439 334 1491 tacto
352 1433 452 1490 urinae
466 1448 535 1490 suae
550 1437 630 1506 gutta
646 1429 762 1488 liberari
779 1429 910 1509 protinus
924 1429 1033 1488 laesos.

88 1525 123 1581 68
185 1514 277 1594 (19.)
290 1514 449 1591 Augurium
465 1512 627 1574 valitudinis
644 1531 680 1572 ex
697 1529 731 1572 ea
750 1512 885 1589 traditur,
908 1513 932 1570 si
953 1528 1037 1571 mane
1057 1528 1123 1571 ean·
1135 1522 1159 1568 ut

133 1598 207 1672 dida,
225 1596 291 1655 dein
305 1597 368 1656 ruia
390 1600 442 1674 sit,
465 1597 515 1655 illo
538 1595 623 1654 modo
648 1613 847 1674 concoquere,
868 1596 926 1655 hoc
947 1595 1125 1654 concoxisse

132 1680 319 1756 significatur.
347 1680 421 1740 mala
437 1681 520 1756 signa
535 1676 655 1752 rubrae,
680 1697 813 1757 pessuma
831 1681 950 1756 nigrae,
969 1677 1045 1738 mala
1061 1676 1126 1737 bul·

132 1763 227 1838 lautis,
243 1779 378 1837 crassae,
404 1764 503 1839 inqua
519 1759 596 1839 quod
611 1759 730 1821 subsidit
748 1765 771 1820 si
788 1762 883 1822 album
899 1769 958 1837 est,
979 1760 1127 1837 siguificat

134 1846 211 1905 circa
227 1845 364 1905 articulos
380 1853 429 1905 aut
442 1846 556 1904 viscera
571 1843 702 1903 dolorem
722 1847 876 1919 inminere,
899 1844 999 1904 eadem
1023 1843 1125 1903 viridis
1155 1839 1159 1843 ’

131 1927 261 1989 morbum
273 1929 432 2005 viscerum,
453 1927 560 2008 pallida
577 1926 659 2004 bilis,
683 1927 789 1987 rubens
804 1929 960 2004 sanguinis.
998 1927 1073 1987 mala
1095 1935 1161 1986 etat

89 2022 124 2077 69
134 2014 163 2071 in
179 2029 234 2090 qua
249 2012 337 2071 veluti
351 2012 477 2071 furfures
494 2020 579 2089 atque
594 2011 755 2071 nubeculae
773 2012 921 2090 adparent.
948 2010 1036 2070 diluta
1052 2027 1125 2088 quo·

133 2113 189 2173 que
206 2095 270 2154 alba
285 2097 387 2155 uitiosa
403 2105 462 2171 est,
484 2094 632 2154 mortifera
647 2112 718 2154 vero
735 2112 831 2154 crassa
847 2095 929 2171 gravi
944 2092 1036 2152 odore
1052 2102 1083 2152 et
1097 2095 1126 2152 in

133 2179 231 2256 pueris
248 2181 342 2237 tenuis
359 2195 393 2237 ao
411 2177 507 2237 diluta.
538 2177 615 2253 biugi
641 2187 737 2237 vetant
762 2178 824 2236 eius
846 2195 932 2236 causa
956 2186 1056 2236 contra
1078 2195 1126 2237 so-

133 2261 189 2320 lem
204 2259 355 2338 lunamque
365 2260 464 2337 nudari
476 2269 523 2319 aut
534 2259 661 2319 umbram
674 2262 839 2340 cuiusquam
853 2260 888 2320 ab
900 2262 966 2339 ipso
977 2259 1125 2338 respergi.

130 2341 275 2402 Hesiodus
289 2343 366 2404 iuxta
383 2342 525 2402 obstantia
539 2342 619 2402 reddi
637 2344 751 2420 suadet,
775 2362 811 2403 ne
832 2344 914 2420 deum
930 2343 1055 2421 aliquem
1073 2361 1124 2402 nu·
1135 2362 1166 2404 aa

133 2425 209 2486 datio
232 2426 366 2487 offendat.
403 2424 545 2486 Osthanes
570 2436 669 2486 contra
696 2428 769 2488 mala
797 2426 1004 2486 medicamenta
1030 2428 1128 2486 omnia

132 2509 262 2569 auxiliari
279 2511 409 2589 promisit
431 2511 573 2570 matutinis
595 2510 675 2570 horis
693 2528 771 2571 suarn
789 2512 891 2587 cuique
914 2510 1081 2570 instillatam
1097 2513 1128 2570 in

132 2593 244 2673 pedem.

89 2685 124 2744 to
188 2679 217 2738 t.
239 2676 323 2756 (20.)
344 2679 425 2752 Quae
442 2696 479 2737 ex
493 2677 642 2737 mulierum
656 2674 830 2755 corporibus
846 2676 992 2736 traduntur
1005 2675 1041 2736 ad
1056 2694 1126 2755 por·

131 2768 273 2819 tentorum
290 2761 426 2821 miracula
441 2759 598 2837 accedunt,
620 2770 649 2820 ot
671 2761 805 2819 sileamus
821 2760 930 2819 divisos
944 2758 1126 2822 membratim
1136 2775 1168 2822 ac

132 2844 161 2902 in
181 2842 294 2902 scelera
310 2844 444 2920 abortus,
463 2862 592 2903 mensum
607 2843 720 2921 piacula
735 2860 868 2922 quaeque
882 2843 938 2902 alia
953 2861 1010 2903 non
1027 2842 1126 2905 obste-

135 2926 225 2985 trices
240 2926 326 2985 modo
338 2945 437 2987 verum
453 2928 536 2987 etiam
551 2929 633 3005 ipsae
649 2929 817 2986 meretrices
832 2924 996 3003 prodidere.
1019 2923 1128 3003 Capilli

138 3011 163 3070 si
178 3019 354 3086 crementur,
376 3011 466 3070 odore
484 3011 628 3088 serpentis
643 3009 746 3086 iugari.
778 3010 881 3070 eodem
894 3009 996 3068 nidore
1018 3009 1128 3071 volvae

91 3103 125 3160 ⁷1
134 3091 236 3153 morbo
252 3094 445 3171 strangulatas
461 3095 616 3170 respirare.
647 3093 744 3152 cinere
761 3110 798 3153 eo
817 3093 945 3172 quidem,
962 3094 986 3152 si
1005 3092 1128 3154 intesta

133 3179 187 3240 sint
204 3180 321 3238 cremati
337 3178 384 3237 vel
400 3195 462 3238 cum
478 3193 577 3254 spuma
593 3177 721 3252 argenti,
743 3175 895 3236 scabritias
918 3175 1069 3236 oculorum
1092 3192 1170 3239 acas

133 3264 297 3343 prurigines
323 3261 485 3334 emendari,
522 3261 590 3318 item
620 3277 758 3320 verrucas
790 3269 819 3319 et
850 3260 996 3319 inlautium
1023 3259 1128 3322 ulcera

133 3364 196 3405 cum
211 3345 309 3422 melle,
326 3344 429 3423 capitis
443 3359 558 3420 quoque
572 3342 693 3404 volnera
706 3353 735 3403 et
752 3344 873 3402 omnium
891 3343 1021 3403 ulcerum
1035 3344 1133 3423 sinus,

133 3428 228 3488 addito
243 3427 330 3488 melle
350 3435 465 3486 actura
483 3442 585 3504 panos,
602 3426 747 3504 podagras
762 3444 824 3486 oum
843 3426 927 3504 adipe
951 3425 1054 3504 suillo,
1077 3445 1128 3488 sa-
