2400 3840
134 188 196 252 298
483 201 514 251 c.
530 203 791 252 rumrsucuum

135 357 232 432 corio,
252 356 314 415 lieri
330 356 428 415 dicunt
443 356 678 434 ichthyocollam‚
688 366 725 417 'ut
740 357 880 435 glutinum
894 358 1043 416 taurinum.
1073 358 1134 416 lau-

133 440 216 499 datur
233 439 368 515 Pontica,
391 439 512 501 candida
533 451 562 501 et
583 459 685 501 carens
706 442 788 500 venis
807 440 991 518 squamisque
1010 448 1040 500 et
1056 459 1135 519 quae

134 522 287 583 celerrime
302 523 446 602 liquescit.
475 525 643 585 madescere
662 533 757 584 autem
773 523 861 584 debet
875 525 994 585 concisa
1013 525 1043 582 in
1057 541 1133 602 aqua

133 616 182 667 aut
199 615 283 666 aceto
307 615 393 666 nocte
411 625 445 666 ac
467 607 527 685 dle,
549 625 616 667 mox
637 608 716 667 tundi
732 608 847 666 marinis
866 606 1025 686 lapidibus,
1046 616 1078 666 ut
1092 607 1133 667 ia·

133 691 217 750 cilius
232 690 383 768 liquescat.
413 692 512 751 utilem
533 709 596 750 eam
613 701 644 750 et
658 692 761 766 capitis
775 689 925 750 doloribus
939 690 1090 750 adfirmant
1105 698 1156 749 ets

89 786 124 841 74
135 776 250 834 tetauis.
288 775 388 834 Ranae
419 773 523 834 dexter
549 773 650 833 oculus
679 773 790 848 dextri,
819 774 936 833 sinister
965 773 1040 833 laevi
1071 791 1134 833 sus-

135 858 218 938 pensi
233 875 250 915 e
267 856 346 917 collo
368 858 457 915 nativi
481 857 590 917 coloris
605 874 700 934 panno
716 855 903 935 lippitudines
919 865 1034 932 sanant,
1057 855 1136 936 quod

133 943 157 1001 si
178 959 232 1018 per
247 941 353 998 coitum
370 937 455 999 lunae
473 949 618 1015 eruantur,
637 940 803 1018 albuginem
817 957 945 1018 quoque,
962 940 1081 1016 adligati
1097 942 1134 999 si·

129 1023 234 1083 militer
257 1024 286 1080 iu
307 1024 451 1100 putamine
473 1025 529 1084 ori.
558 1023 688 1102 reliquae
709 1042 812 1084 carues
832 1025 977 1100 inpositae
993 1023 1133 1100 suggilla-

129 1109 237 1167 tionem
253 1107 375 1182 rapiunt.
399 1109 496 1167 cancri
515 1107 600 1167 etiam
615 1108 718 1167 oculos
734 1107 908 1184 adalligatos
925 1106 1005 1166 collo
1020 1106 1133 1165 mederi
1142 1123 1166 1164 n

87 1200 122 1255 ts
135 1188 296 1267 lippitudini
316 1189 424 1249 dicunt.
450 1189 503 1250 Est
526 1208 614 1270 parva
637 1209 706 1251 rana
726 1193 755 1249 iu
774 1190 970 1250 harundinetis
989 1198 1018 1248 et
1033 1188 1133 1248 herbis

129 1275 388 1349 marchensem,
405 1283 480 1334 muta
492 1293 527 1334 ac
542 1277 605 1334 sine
620 1292 706 1351 voce,
718 1274 829 1349 viridis,
844 1275 868 1332 si
883 1273 960 1332 iorte
977 1272 1133 1347 hauriatur,

128 1365 247 1416 ventres
268 1355 356 1416 boum
378 1356 554 1417 distendens.
584 1358 668 1417 buius
691 1359 825 1433 corporis
846 1373 976 1416 umorem
999 1355 1135 1416 derasum

130 1440 263 1521 specillis
293 1440 453 1500 claritatem
483 1441 576 1501 oculis
604 1442 726 1500 inunctis
752 1450 869 1500 narrant
893 1440 1025 1514 adferre,
1053 1440 1134 1517 ipsas

130 1525 225 1584 carnis
241 1523 393 1583 doloribus
410 1525 557 1585 oculorum
573 1532 780 1603 superponunt.
809 1541 894 1583 ranas
909 1525 994 1582 etiam
1013 1522 1133 1600 quinde-
1144 1543 1165 1583 rt

130 1611 184 1667 cim
207 1609 338 1667 coiectas
359 1608 388 1666 in
410 1608 499 1667 fictile
516 1624 622 1667 novom
643 1609 735 1667 iuncis
750 1608 897 1683 conligunt
915 1604 1028 1683 quidam'
1047 1623 1133 1666 suco·

131 1710 187 1771 que
209 1708 305 1750 earum
324 1693 371 1768 qui
392 1692 431 1750 ita
454 1690 600 1750 effluxerit
623 1692 783 1751 admiscent
801 1692 868 1749 vitis
884 1688 968 1748 albae
984 1689 1134 1749 lacrimam

130 1784 216 1853 atque
240 1776 278 1833 ita
306 1772 464 1851 palpebras
485 1774 636 1834 emendant
655 1772 801 1833 inutilibus
822 1773 890 1851 pilis
912 1772 1057 1851 exemptis
1078 1790 1133 1832 acu

86 1867 121 1923 76
133 1856 305 1923 instillantes
321 1855 397 1915 hunc
413 1875 511 1916 sucum
528 1859 555 1916 in
574 1858 699 1934 vestigia
717 1859 893 1918 evolsorum.
921 1855 1025 1932 bleges
1041 1855 1132 1934 psilo-

129 1951 202 2001 trum
217 1939 420 2019 palpebrarum
442 1940 569 2001 laciebat
589 1942 617 2000 in
637 1950 722 2001 aceto
747 1957 874 2000 enecans
892 1941 1088 2018 putrescentis
1105 1946 1166 2000 etro

129 2025 165 2084 ad
192 2023 249 2084 hoo
277 2023 410 2084 utebatur
430 2024 525 2084 multis
552 2025 697 2103 variisque
733 2042 786 2101 per
813 2024 983 2103 aquationes
1006 2022 1134 2082 autumni

128 2106 324 2167 nascentibus.
360 2107 434 2166 idem
457 2117 607 2186 praestare
635 2111 872 2185 sanguisugarum
895 2107 966 2180 cinis
987 2124 1023 2164 ex
1047 2115 1132 2165 aceto

128 2191 224 2250 inlitus
237 2199 360 2268 putatur.
387 2189 514 2250 comburi
528 2209 579 2250 eas
591 2200 707 2269 oportet
719 2192 746 2250 in
758 2207 835 2250 novo
846 2207 927 2248 uase.
944 2189 1019 2249 idem
1032 2188 1133 2263 thynni

129 2275 212 2332 iocur
224 2275 362 2332 siccatum
374 2271 504 2352 pondere
515 2272 543 2333 X
554 2287 591 2332 tv
608 2292 670 2334 curn
689 2274 755 2334 oleo
771 2273 890 2333 cedrino
905 2273 1053 2350 perunctis
1065 2271 1133 2349 pilis

129 2374 234 2415 novem
249 2354 404 2414 mensibus.
1139 2374 1164 2413 aa

86 2447 120 2502 77
196 2438 280 2516 (25.)
304 2438 430 2499 Auribus
449 2440 626 2499 utilissimum
647 2439 742 2500 batiae
766 2440 855 2518 piscis
876 2438 916 2499 iel
934 2456 1057 2515 recens,
1080 2438 1132 2498 sed

131 2530 160 2581 et
177 2523 366 2582 inveteratum
380 2527 463 2601 vino,
486 2526 552 2583 item
570 2523 687 2598 bacchi,
706 2541 790 2601 quern
810 2522 923 2602 quidam
940 2539 1065 2596 myxoua
1081 2539 1132 2581 vo·

131 2615 206 2682 cant,
222 2608 289 2665 item
307 2607 470 2682 callionymi
483 2627 545 2668 oum
556 2623 679 2668 rosaceo
694 2607 817 2666 inlusum
828 2605 877 2665 vel
890 2613 1053 2666 castoreum
1069 2623 1133 2664 cum

130 2691 286 2767 papaveris
309 2708 391 2751 suco.
421 2693 536 2752 Vocant
557 2703 585 2751 et
607 2691 723 2750 inmari
742 2690 902 2768 peduculos
919 2706 1030 2766 eosque
1047 2689 1132 2749 tritos

128 2773 261 2834 instillari
277 2792 314 2833 ex
330 2785 416 2835 aceto
433 2776 549 2835 auribus
566 2774 673 2835 iubent.
705 2783 734 2833 et
753 2792 807 2852 per
822 2791 855 2832 se
875 2781 903 2832 et
920 2771 1075 2846 conchylio
1090 2773 1165 2830 into

130 2856 207 2916 lecta
224 2856 289 2917 lana
304 2876 485 2936 magnopere
504 2859 634 2937 prodest.
664 2858 778 2936 quidam
799 2865 883 2917 aceto
901 2864 930 2914 et
944 2856 1019 2914 nitro
1034 2854 1132 2913 made·

87 2950 122 3004 ts
134 2939 248 3000 laciunt.
273 2941 343 3000 Sunt
355 2944 403 3020 qui
414 2945 571 3021 praecipue
586 2952 686 3002 contra
702 2943 796 3001 omnia
812 2941 920 3000 aurium
934 2940 1001 2998 vitia
1015 2938 1134 2998 laudent

130 3026 194 3101 gari
210 3024 384 3084 excellentis
401 3027 547 3100 cyathum,
568 3025 662 3084 mellis
680 3024 794 3084 dimidio
812 3023 948 3103 amplius,
971 3022 1047 3081 aceti
1065 3038 1132 3096 cya-

130 3107 208 3166 thum
228 3109 255 3166 in
279 3108 371 3168 calice
395 3125 472 3167 novo
499 3109 556 3168 leni
579 3125 671 3185 pruna
698 3107 863 3186 decoquere
889 3104 1009 3167 subinde
1031 3122 1133 3182 spuma

130 3191 224 3270 pinnis
241 3190 357 3250 detersa
375 3201 414 3267 et,
434 3200 584 3269 postquam
599 3190 718 3251 desierit
731 3208 876 3269 spumare,
893 3187 1021 3267 tepidum
1037 3189 1131 3248 inluu-
1142 3209 1167 3251 as

131 3274 210 3333 dere.
235 3276 259 3333 si
274 3282 400 3333 tumeant
415 3293 509 3352 aures,
527 3275 670 3334 coriandri
685 3291 756 3334 suco
772 3271 1032 3352 priusmitigandas
1044 3272 1134 3331 iidem

132 3358 323 3435 praecipiunt.
363 3374 493 3417 ranarum
514 3358 596 3435 adips
619 3357 772 3417 instillatus
794 3359 888 3417 statim
905 3356 1023 3416 dolores
1045 3356 1133 3418 tollit.

132 3457 301 3499 cancrorum
322 3440 497 3500 fluviatilium
519 3459 604 3500 sucus
632 3459 693 3501 curn
714 3440 806 3499 farina
829 3440 996 3500 hordeacea
1021 3441 1135 3500 aurium
