2400 3840
300 201 304 207 ·
332 190 412 236 nau.
429 188 518 236 msa.
536 188 646 235 xxxn.
664 187 689 240 9.
706 174 853 253 (cl-34.)
1028 175 1089 236 303

97 361 160 404 curn
175 351 259 402 aneto
277 361 314 401 ex
327 343 393 401 vino
408 343 507 402 mixto.
532 340 664 415 Erythini
678 341 707 399 in
729 339 795 400 cibo
811 340 914 417 sumpti
931 341 1033 400 sistunt
1048 341 1088 400 al·

97 444 173 487 vom.
199 425 382 499 dysintericis
396 425 544 485 medentur
559 443 646 485 ranae
663 442 727 484 oum
748 423 832 483 scilla
847 422 988 482 decoctae
1006 424 1044 482 ita
1060 433 1090 483 ut

95 508 203 589 pastilli
218 508 295 583 bant,
311 508 359 567 vel
375 525 427 567 cor
442 527 539 568 earum
555 527 618 568 cum
636 507 722 567 melle
737 509 842 582 tritum,
860 515 889 565 ut
905 506 989 566 tradit
1003 506 1088 565 Nice-

71 602 73 607 ’
95 601 189 669 ratus,
213 592 314 651 morbo
337 592 420 668 regio
441 593 642 653 salsamentum
665 609 728 650 cum
748 591 849 668 pipere
866 591 904 648 ita
927 598 957 648 ut
977 590 1089 666 reliqua

72 692 184 735 scanne
198 674 384 734 abstineatur.

156 757 239 836 (32.)
259 758 338 818 Lieni
354 759 484 818 medetur
495 759 578 818 solea
590 759 679 836 piscis
691 757 842 836 inpositus,
855 759 922 816 item
934 755 1070 835 torpedo,
1084 768 1133 820 10⁸2

93 842 161 900 item
175 840 311 900 rhombus
326 843 419 918 vivos,
435 841 500 902 dein
514 842 663 901 remittitur
677 842 705 898 in
718 858 807 900 mare.
830 842 948 917 scorpio
965 841 1089 899 marinus

93 933 212 983 necatus
230 925 258 983 in
273 927 339 984 rino
356 927 475 985 vesicae
492 925 560 984 vitia
583 933 611 983 et
628 922 756 984 calculos
775 932 872 999 sanat,
894 923 969 1003 lapis
984 925 1033 1000 qui
1048 926 1088 983 in·

92 1009 205 1067 venitur
220 1009 248 1066 in
264 1011 429 1087 scorpionis
450 1009 549 1067 marini
566 1007 656 1067 canda
676 1007 808 1084 pondere
826 1006 908 1067 oboli
924 1016 1020 1086 potus,
1040 1026 1089 1066 en·

59 1090 224 1165 tohydridis
239 1093 328 1167 iecur,
347 1091 527 1151 blendiorum
543 1091 614 1149 cinis
631 1107 693 1148 cum
714 1099 786 1148 ruta.
811 1089 995 1151 Inveniuntur
1015 1100 1044 1150 et
1061 1091 1088 1149 in

16 1209 24 1220 ·
93 1173 196 1232 bacchi
211 1175 300 1250 piscis
317 1176 412 1250 capite
433 1192 486 1232 ceu
506 1172 608 1250 lapilli.
641 1172 670 1230 bi
693 1175 754 1249 poti
777 1191 815 1231 ex
837 1192 911 1250 aqua
935 1174 1090 1233 calculosis

93 1255 246 1332 praeclare
261 1254 420 1314 medentur.
444 1257 521 1314 aiunt
539 1263 567 1314 et
582 1257 701 1314 urticam
715 1256 850 1314 marinam
864 1258 894 1315 in
911 1259 978 1316 vino
993 1267 1090 1335 potam

93 1337 247 1416 prodesse,
264 1338 330 1396 item
349 1339 513 1416 pulmonem
527 1339 663 1397 marinum
681 1336 834 1396 decoctum
847 1340 876 1396 in
892 1356 976 1417 aqua.
1007 1338 1068 1399 Ova
1082 1352 1134 1404 103

94 1422 213 1497 saepiae
233 1421 340 1479 urinam
362 1431 479 1481 movent
496 1422 662 1500 reniumque
682 1422 797 1498 pituitas
816 1421 977 1481 extrahunt.
1007 1433 1090 1501 rupta

59 1523 83 1562 15
95 1503 234 1562 convolsa
253 1506 350 1564 cancri
367 1505 520 1565 fluviatiles
542 1506 600 1564 triti
623 1504 651 1562 in
672 1504 782 1562 asinino
803 1521 933 1564 maxume
951 1505 1028 1564 lacte
1044 1523 1088 1563 sa·

92 1595 171 1662 nant,
189 1587 281 1646 echini
298 1605 369 1648 vero
389 1608 452 1648 cum
468 1588 559 1666 spinis
572 1590 631 1647 snis
647 1589 777 1647 contunsi
793 1597 823 1647 et
838 1606 855 1646 e
870 1589 937 1646 vino
954 1589 1015 1666 poti
1032 1588 1089 1647 cal·

93 1669 184 1728 culos.
213 1672 314 1731 modus
330 1674 451 1749 singulis
466 1672 595 1750 hemina,
620 1670 726 1730 bibitur
741 1669 836 1731 donec
852 1670 960 1749 prosit,
975 1678 1004 1729 et
1019 1671 1090 1731 alias

91 1754 120 1812 in
135 1752 208 1812 olbis
224 1754 259 1814 ad
275 1755 332 1815 hoo
348 1757 510 1832 proliciunt.
535 1754 677 1832 Purgatur
693 1755 791 1814 vesica
808 1762 837 1814 et
851 1756 996 1832 pectinum
1012 1753 1088 1814 cibo.

92 1854 129 1895 ex
143 1836 186 1896 his
201 1857 295 1897 mares
310 1838 358 1897 alii
374 1839 501 1899 donacas
513 1847 629 1913 vocant,
645 1837 693 1898 alii
705 1838 797 1913 aulos,
813 1839 934 1897 laminas
950 1837 1087 1911 onychas.

56 1920 199 1979 taurinam
214 1939 308 1981 mares
327 1932 453 1981 movent.
482 1921 628 1980 dulciores
648 1921 772 1980 lerninae
789 1929 897 1979 suntet
913 1920 1088 1980 unicolores.

91 2005 209 2080 saepiae
224 2021 339 2080 quoque
355 2021 410 2062 ova
425 2005 533 2063 urinam
547 2012 682 2076 movent,
697 2005 776 2061 renis
791 2010 924 2080 purgant.

161 2085 245 2163 (33.)
267 2085 481 2145 Enterocelicis
503 2086 588 2164 lepus
608 2086 732 2145 marinus
754 2085 879 2145 inlinitur
902 2086 984 2144 tritus
1006 2103 1068 2145 cum
1081 2097 1132 2150 104

91 2167 187 2227 melle.
208 2170 288 2227 iecur
306 2170 456 2246 aquaticae
472 2169 621 2246 colubrae,
637 2171 704 2228 item
723 2168 805 2243 hydri
822 2170 916 2228 tritum
932 2177 1088 2247 potumque

92 2250 247 2311 calculosis
269 2252 395 2330 prodest.
422 2251 596 2312 ischiadicos
619 2252 742 2312 liberant
763 2253 935 2313 salsamenta
959 2271 975 2312 e
998 2253 1088 2313 siluro

55 2354 81 2394 ss
90 2334 181 2394 inlusa
196 2334 344 2412 clysterio,
361 2345 499 2397 evacuata
514 2338 592 2414 prius
607 2337 684 2413 alvo,
701 2336 778 2397 sedis
795 2338 907 2397 attritus
922 2339 994 2397 cinis
1011 2355 1027 2395 e
1041 2355 1087 2398 ca-

91 2420 149 2495 pite
168 2420 304 2496 mugilum
320 2430 350 2478 et
359 2420 520 2496 mullorum,
537 2418 742 2479 comburuntur
756 2430 849 2479 autem
865 2421 892 2479 in
909 2422 989 2479 fictili
1005 2439 1086 2494 vase,

90 2502 168 2560 inlini
188 2520 250 2561 cum
267 2502 355 2561 melle
370 2501 486 2561 debent.
517 2504 584 2561 item
603 2503 706 2580 capitis
727 2521 872 2561 menarum
888 2505 959 2562 cinis
982 2511 1011 2562 et
1033 2499 1132 2566 ad'loo

90 2584 234 2660 rhagadas
250 2594 278 2643 et
293 2583 329 2643 ad
345 2584 546 2658 condylomata
563 2585 649 2660 utilis,
668 2586 741 2644 sicut
753 2584 934 2661 pelamydum
949 2586 1088 2644 salsarum

91 2668 213 2743 capitum
231 2668 302 2726 cinis
313 2668 361 2726 vel
374 2668 522 2743 cybiorum
535 2686 599 2726 cum
610 2667 706 2727 melle.
726 2667 864 2746 Torpedo
878 2667 1009 2743 adposita
1021 2685 1087 2744 pro·

54 2749 210 2813 accidentis
224 2751 366 2809 interanei
381 2749 510 2811 morbum
523 2750 561 2810 ibi
575 2760 703 2811 coercet.
725 2767 895 2811 cancrorum
910 2751 1088 2811 fluviatilium

89 2835 160 2892 cinis
179 2852 216 2892 ex
232 2833 300 2893 oleo
317 2842 345 2894 et
361 2852 428 2894 cera
443 2837 530 2894 rimas
545 2837 573 2894 in
591 2835 692 2894 eadem
707 2842 789 2913 parte
806 2835 949 2911 emendat,
966 2834 1041 2894 idem
1058 2844 1088 2894 et

87 2919 187 2979 marini
203 2919 300 2978 cancri
315 2918 436 2997 pollent.

152 3000 234 3079 (34.)
250 3001 346 3062 Panos
356 3003 529 3063 salsamenta
543 3003 742 3077 coracinorum
754 3001 918 3079 discutiunt,
932 3004 1067 3062 sciaenae
1078 3012 1131 3065 106

87 3085 236 3144 interanea
254 3094 282 3144 et
302 3104 437 3165 squamae
456 3087 640 3163 combustae,
657 3087 777 3166 scorpio
801 3089 830 3146 in
850 3089 917 3146 vino
934 3087 1086 3159 decoctus,

51 3179 78 3220 aa
88 3168 126 3225 ita
145 3174 175 3224 ut
191 3166 343 3227 foveantur
358 3188 396 3227 ex
411 3169 472 3229 illo.
495 3179 524 3229 at
539 3171 706 3230 echinorum
721 3180 814 3230 testae
831 3178 989 3229 contunsae
1005 3177 1034 3226 et
1050 3186 1087 3226 ex

89 3267 161 3327 aqua
174 3250 272 3310 inlitae
289 3251 493 3329 incipientibus
505 3246 587 3331 panis
601 3256 748 3330 resistunt,
763 3254 900 3312 muricum
914 3252 963 3311 vel
978 3269 1085 3329 purpu-

88 3350 183 3391 rarum
199 3335 272 3393 cinis
287 3343 409 3412 utroque
425 3335 523 3412 modo,
540 3338 601 3396 sive
618 3337 763 3397 discutere
781 3353 855 3414 opus
872 3336 908 3395 sit
922 3335 1087 3413 incipientis

90 3414 153 3473 sive
165 3428 324 3479 concoctos
334 3421 474 3479 emittere.
488 3420 601 3498 quidam
612 3423 651 3480 ita
660 3420 1085 3499 conponuntmedicamentum.
