2400 3840
139 205 179 267 38
491 218 797 266 commanebunt

98 392 168 432 snam
182 372 311 448 bandaa,
329 383 359 433 ut
374 374 515 451 diximus,
531 373 640 450 mollit,
662 372 812 450 calefacit,
827 372 964 449 discutit,
990 371 1137 448 dissoluit,

139 457 263 516 claritati
278 459 358 516 uisus
376 460 405 518 in
420 459 552 534 collyriis
568 459 724 533 convenit,
741 459 899 536 pruritum,
913 458 1080 533 cicatrices,
1098 456 1138 517 al·

139 541 264 618 bugincs
281 541 430 601 oculorum
444 542 532 618 tollit,
542 542 671 603 dentium
685 541 806 601 dolores
821 541 915 615 sedat,
931 541 1077 601 efficacius
1090 559 1137 600 ac-

140 642 266 684 censum.
296 625 418 703 prodest
439 626 625 704 dyspnoicis,
639 625 821 704 pleuriticis,
843 625 1044 704 pulmonibus,
1059 627 1138 684 uesi-

139 710 199 782 cis,
215 711 315 768 urinae
333 718 489 786 cruentae,
505 710 592 786 lieni,
614 708 779 769 ischiadicis
794 717 905 786 potum,
920 741 962 755 -
977 709 1020 767 sic
1045 715 1076 768 at
1097 709 1159 767 al·s

140 809 206 852 vom
219 792 496 867 soluit,-articulis
509 803 540 854 et
550 794 700 874 podagrae
710 811 774 854 cum
785 794 847 873 pari
861 792 992 871 pondero
1003 794 1077 870 picis
1088 801 1138 852 aut

141 893 228 935 cerae
251 884 282 934 ct
304 892 428 936 rosaceo
450 886 571 938 coctum.
606 885 728 937 maturat
748 894 861 954 panos,
885 875 1011 936 extrahit
1036 874 1137 935 clauos

141 977 205 1018 cum
220 958 320 1035 malle,
335 963 436 1020 -sic
453 970 482 1021 et
497 961 617 1022 duritias
634 960 762 1038 emollit,
776 993 823 1009 κ-
838 959 908 1020 lieni
926 977 990 1018 cum
1005 968 1091 1020 aceto
1107 969 1138 1019 et

142 1060 209 1101 cers
225 1040 333 1119 Cypria
348 1043 397 1103 rel
412 1061 538 1105 rosaceo
556 1046 760 1105 efficacissimo
776 1046 933 1122 inponitur.
951 1042 1137 1103 lassitudines

142 1129 285 1204 perungui
304 1145 366 1186 cum
380 1137 466 1188 aceto
482 1138 513 1189 et
528 1129 597 1189 olco
614 1130 781 1206 exiguoque
796 1130 873 1187 nitro
886 1127 970 1187 utile.
1150 1146 1173 1185 io

99 1223 134 1274 24
207 1210 290 1289 (15.)
320 1210 357 1270 Et
375 1215 499 1287 styracis
514 1221 641 1272 naturam
655 1214 684 1271 in
698 1213 867 1290 peregrinis
876 1211 1032 1273 arboribus
1048 1228 1138 1291 expo·

100 1289 173 1333 ¹²·*¹²⁴
186 1295 301 1354 suimus.
334 1296 430 1374 placet
441 1305 562 1374 praeter
575 1295 623 1355 ills
640 1313 714 1374 quac
730 1296 851 1359 diximus
866 1313 998 1356 maxume
1009 1298 1139 1374 pinguis,

143 1395 249 1456 purus,
266 1378 458 1439 albicantibus
473 1382 650 1458 fragmentis.
680 1380 812 1439 medetur
827 1381 916 1455 tussi,
929 1380 1074 1455 lancibus,
1086 1397 1139 1457 pe-

143 1463 332 1539 ctorisuitiis,
345 1464 451 1524 volvae
467 1463 638 1542 praeclusae
653 1463 797 1523 duritieve
813 1462 969 1539 laboranti,
986 1465 1044 1522 ciet
1060 1481 1138 1522 men-

143 1565 192 1604 ses
208 1555 279 1623 potu
302 1548 514 1625 adposituque,
534 1546 629 1606 alvom
651 1547 752 1606 mollit.
790 1548 909 1606 inuenio
929 1555 999 1624 potu
1020 1546 1136 1606 modico
1151 1570 1174 1609 is

144 1631 291 1688 tristitiam
311 1633 395 1689 animi
421 1630 552 1706 resolvi,
574 1630 702 1707 largiore
722 1630 863 1689 contrahi.
901 1632 1015 1690 sonitus
1029 1632 1139 1690 aurium

145 1712 279 1771 emendat
294 1715 436 1788 inlusum,
450 1722 572 1772 strumas
591 1713 701 1772 inlitum
723 1731 936 1792 nervorumque
962 1713 1063 1774 nodos.
1091 1714 1139 1773 ad·

144 1803 279 1855 versatur
296 1798 417 1856 uenenis
435 1815 509 1876 qnae
520 1799 634 1874 frigore
652 1805 778 1873 nocent,
795 1796 863 1857 idco
877 1806 915 1856 ‘et
931 1801 1053 1859 cicutae.

37 1953 38 1956 Ἴ
104 1889 137 1940 25
211 1879 293 1958 (16.)
328 1880 517 1959 spondylium
541 1899 596 1940 una
616 1881 841 1940 demonstratum
861 1880 1019 1941 infunditur
1039 1884 1139 1959 capiti·

103 1960 132 1996 ¹²·
145 1960 241 2022 ¹²⁸bus
255 1963 491 2042 phreneticorum
506 1973 538 2024 et
553 1964 793 2042 lethargicorum,
814 1965 885 2024 item
904 1967 1008 2044 capitis
1032 1965 1175 2025 dolori-no

146 2047 201 2106 bus
224 2046 329 2126 longis.
366 2066 428 2107 curn
447 2049 515 2109 oleo
536 2056 640 2110 uetere
655 2048 765 2108 bibitur
784 2056 814 2107 ct
829 2048 858 2107 m
874 2050 1034 2108 iocinerum
1048 2052 1139 2125 vitiis,

144 2130 248 2190 morbo
263 2134 370 2210 regio,
385 2132 596 2208 comitialibus,
614 2131 830 2210 orthopnoicis,
847 2132 995 2192 volvarum
1009 2141 1140 2210 strangu-

146 2213 273 2291 latione,
296 2216 400 2292 quibus
424 2224 454 2275 et
477 2217 575 2276 suiiitu
599 2215 727 2294 prodest.
758 2216 853 2275 alvom
876 2215 979 2274 mollit.
1010 2215 1141 2276 inlinitur

103 2306 138 2361 26
150 2296 296 2357 ulceribus
315 2317 388 2376 quae
404 2308 526 2378 serpunt
541 2318 604 2359 cum
618 2308 689 2358 rata.
719 2299 773 2359 llos
787 2299 905 2360 auribus
922 2299 1083 2377 purulentis
1099 2301 1141 2360 ei-

147 2380 276 2440 licaciter
289 2382 458 2459 infunditur,
487 2383 538 2444 sed
554 2401 650 2461 sucus,
672 2402 735 2443 curn
756 2385 942 2460 exprimitur,
964 2383 1138 2460 integendus
1148 2404 1174 2443 ns

147 2474 211 2541 est,
235 2468 369 2543 quoniam
389 2470 461 2528 mire
487 2468 633 2547 adpetitur
654 2486 670 2527 a
692 2469 799 2534 muscis
825 2473 854 2526 ct
876 2466 1025 2526 similibus.
1058 2467 1141 2527 radix

147 2549 250 2609 derasa
273 2559 304 2610 ct
320 2552 350 2610 in
368 2551 478 2611 listulas
495 2555 626 2613 coniecta
648 2551 750 2612 callum
770 2568 870 2610 aarum
886 2549 989 2609 crodit.
1021 2551 1139 2611 auribus

147 2650 263 2711 qnoque
284 2634 441 2695 instillatur
461 2654 523 2695 cnm
544 2653 623 2697 suco.
653 2636 736 2696 datur
756 2637 865 2713 etipsa
892 2641 992 2692 contra
1008 2634 1140 2694 morbum

88 2762 91 2767 -
146 2721 259 2794 regium
286 2727 315 2778 at
341 2720 371 2778 in
393 2720 532 2779 iocineris
552 2722 626 2779 uitio
648 2728 678 2780 et
699 2718 856 2778 volvarum.
887 2717 1008 2795 capillos
1025 2720 1140 2796 crispos

127 2832 131 2843 =
146 2801 215 2859 iacit
229 2811 370 2878 peruncto
389 2804 492 2880 capita.
1149 2821 1175 2862 sc

105 2894 139 2947 27
212 2885 295 2962 (17.)
326 2885 479 2964 sphagnos
497 2889 560 2947 sire
578 2886 701 2964 sphacos
717 2887 780 2945 sive
796 2885 891 2960 bryon
907 2890 937 2944 ct
951 2886 981 2944 in
991 2883 1095 2962 Gallia,
1110 2895 1141 2945 ut

107 2986 136 3027 ss,
148 2985 182 3019 roa
190 2967 392 3046 indicavimus,
423 2971 563 3047 nascitur,
590 2970 685 3029 voluis
708 2970 832 3030 decocto
847 2968 1031 3028 insidentium
1049 2969 1140 3045 utilis,

148 3051 219 3109 item
234 3052 358 3128 genibus
374 3063 404 3113 et
412 3055 547 3114 feminum
563 3053 722 3112 tumoribus
732 3053 839 3111 mixtus
851 3055 993 3111 nasturtio
1005 3061 1037 3112 et
1047 3071 1140 3131 aquae

150 3134 245 3195 salsae
262 3139 355 3197 tritus.
389 3156 450 3198 cum
465 3139 533 3196 uiuo
548 3145 641 3196 autem
664 3145 694 3196 et
709 3138 806 3195 resina
822 3137 898 3195 sicca
920 3144 1008 3213 potus
1031 3139 1140 3196 urinam

150 3218 234 3296 pellit
249 3221 410 3282 celerrime.
438 3221 614 3298 hydropicos
626 3222 715 3280 inanit
732 3238 795 3280 curu
810 3221 880 3279 vino
899 3227 928 3279 et
941 3221 1073 3297 iunipiris
1090 3222 1173 3282 tri-ss

150 3312 195 3362 tus
211 3322 245 3363 ao
283 3315 356 3366 otus.

213 3323 295 3467 (183)
327 3388 493 3447 Terebinthi
514 3386 583 3447 lolia
600 3395 630 3447 ct
647 3387 730 3447 radix
750 3387 975 3447 collectionibus
998 3387 1139 3465 inponun-

151 3477 205 3527 tur.
236 3470 385 3530 dacoctum
409 3484 508 3528 eorum
531 3470 706 3530 stomachum
725 3471 826 3530 firmat.
857 3488 959 3531 seman
983 3472 1012 3529 in
1035 3472 1138 3548 capitis
