<?xml version="1.0" encoding="UTF-8"?>
<!DOCTYPE html PUBLIC "-//W3C//DTD XHTML 1.0 Transitional//EN"
    "http://www.w3.org/TR/xhtml1/DTD/xhtml1-transitional.dtd">
<html xmlns="http://www.w3.org/1999/xhtml" xml:lang="en" lang="en">
 <head>
  <title>
</title>
<meta http-equiv="Content-Type" content="text/html;charset=utf-8" />
  <meta name='ocr-system' content='tesseract 3.04.00' />
  <meta name='ocr-capabilities' content='ocr_page ocr_carea ocr_par ocr_line ocrx_word'/>
</head>
<body>
  <div class='ocr_page' id='page_1' title='image "./cplinisecundina06plingoog_0382.png"; bbox 0 0 2400 3840; ppageno 0'>
   <div class='ocr_carea' id='block_1_1' title="bbox 329 206 1087 282">
    <p class='ocr_par' dir='ltr' id='par_1_1' title="bbox 329 206 1087 282">
     <span class='ocr_line' id='line_1_1' title="bbox 329 206 1087 282; baseline -0.005 -11"><span class='ocrx_word' id='word_1_1' title='bbox 329 224 408 272; x_wconf 76' lang='lat' dir='ltr'><strong>aar.</strong></span> <span class='ocrx_word' id='word_1_2' title='bbox 424 223 515 271; x_wconf 80' lang='lat' dir='ltr'><strong>rursu.</strong></span> <span class='ocrx_word' id='word_1_3' title='bbox 532 213 644 268; x_wconf 83' lang='lat' dir='ltr'><strong>xxxn.</strong></span> <span class='ocrx_word' id='word_1_4' title='bbox 661 220 703 272; x_wconf 90' lang='lat'><strong>10.</strong></span> <span class='ocrx_word' id='word_1_5' title='bbox 720 211 867 282; x_wconf 77' lang='lat' dir='ltr'><strong>(sa—as)</strong></span> <span class='ocrx_word' id='word_1_6' title='bbox 1027 206 1087 268; x_wconf 83' lang='lat'><strong>307</strong></span> 
     </span>
    </p>
   </div>
   <div class='ocr_carea' id='block_1_2' title="bbox 55 373 1153 3370">
    <p class='ocr_par' dir='ltr' id='par_1_2' title="bbox 66 373 1132 957">
     <span class='ocr_line' id='line_1_2' title="bbox 93 373 1090 455; baseline -0.008 -15"><span class='ocrx_word' id='word_1_7' title='bbox 93 378 277 441; x_wconf 85' lang='lat' dir='ltr'><strong>hlessalinum</strong></span> <span class='ocrx_word' id='word_1_8' title='bbox 290 377 514 437; x_wconf 81' lang='lat' dir='ltr'><strong>econsuiarihus</strong></span> <span class='ocrx_word' id='word_1_9' title='bbox 527 377 666 455; x_wconf 89' lang='lat' dir='ltr'><strong>patriciis,</strong></span> <span class='ocrx_word' id='word_1_10' title='bbox 680 392 742 435; x_wconf 93' lang='lat' dir='ltr'><strong>cum</strong></span> <span class='ocrx_word' id='word_1_11' title='bbox 751 374 869 450; x_wconf 77' lang='lat' dir='ltr'><strong>adgeuu</strong></span> <span class='ocrx_word' id='word_1_12' title='bbox 879 373 1090 433; x_wconf 87' lang='lat' dir='ltr'><strong>admisisset-</strong></span> 
     </span>
     <span class='ocr_line' id='line_1_3' title="bbox 66 454 1132 535; baseline -0.003 -12"><span class='ocrx_word' id='word_1_13' title='bbox 66 476 85 504; x_wconf 69' lang='lat'>⁸</span> <span class='ocrx_word' id='word_1_14' title='bbox 93 465 122 522; x_wconf 93' lang='lat' dir='ltr'><strong>iu</strong></span> <span class='ocrx_word' id='word_1_15' title='bbox 136 462 240 522; x_wconf 83' lang='lat' dir='ltr'><strong>veneni</strong></span> <span class='ocrx_word' id='word_1_16' title='bbox 251 462 328 520; x_wconf 86' lang='lat' dir='ltr'><strong>virus</strong></span> <span class='ocrx_word' id='word_1_17' title='bbox 338 461 467 520; x_wconf 89' lang='lat' dir='ltr'><strong>remedio</strong></span> <span class='ocrx_word' id='word_1_18' title='bbox 479 478 577 535; x_wconf 87' lang='lat' dir='ltr'><strong>verso,</strong></span> <span class='ocrx_word' id='word_1_19' title='bbox 589 476 720 518; x_wconf 70' lang='lat' dir='ltr'><strong>innume</strong></span> <span class='ocrx_word' id='word_1_20' title='bbox 732 457 813 516; x_wconf 87' lang='lat' dir='ltr'><strong>rulae</strong></span> <span class='ocrx_word' id='word_1_21' title='bbox 824 459 863 517; x_wconf 91' lang='lat' dir='ltr'><strong>ita</strong></span> <span class='ocrx_word' id='word_1_22' title='bbox 871 454 1066 516; x_wconf 75' lang='lat' dir='ltr'><strong>formidantur.</strong></span> <span class='ocrx_word' id='word_1_23' title='bbox 1081 466 1132 520; x_wconf 73' lang='lat'><strong>124</strong></span> 
     </span>
     <span class='ocr_line' id='line_1_4' title="bbox 94 538 1089 622; baseline -0.006 -17"><span class='ocrx_word' id='word_1_24' title='bbox 94 563 168 622; x_wconf 83' lang='lat' dir='ltr'><strong>ergo</strong></span> <span class='ocrx_word' id='word_1_25' title='bbox 179 545 332 621; x_wconf 70' lang='lat' dir='ltr'><strong>sugereli</strong></span> <span class='ocrx_word' id='word_1_26' title='bbox 344 545 422 604; x_wconf 85' lang='lat' dir='ltr'><strong>mias</strong></span> <span class='ocrx_word' id='word_1_27' title='bbox 435 542 583 604; x_wconf 84' lang='lat' dir='ltr'><strong>loricihus</strong></span> <span class='ocrx_word' id='word_1_28' title='bbox 595 542 773 622; x_wconf 88' lang='lat' dir='ltr'><strong>praecidunt,</strong></span> <span class='ocrx_word' id='word_1_29' title='bbox 784 558 818 600; x_wconf 91' lang='lat' dir='ltr'><strong>ac</strong></span> <span class='ocrx_word' id='word_1_30' title='bbox 828 540 908 600; x_wconf 85' lang='lat' dir='ltr'><strong>velut</strong></span> <span class='ocrx_word' id='word_1_31' title='bbox 919 538 1089 619; x_wconf 73' lang='lat' dir='ltr'>siphonibus</span> 
     </span>
     <span class='ocr_line' id='line_1_5' title="bbox 93 623 1088 706; baseline -0.006 -18"><span class='ocrx_word' id='word_1_32' title='bbox 93 628 192 689; x_wconf 89' lang='lat' dir='ltr'><strong>deiluit</strong></span> <span class='ocrx_word' id='word_1_33' title='bbox 203 629 330 704; x_wconf 76' lang='lat' dir='ltr'><strong>sanguis,</strong></span> <span class='ocrx_word' id='word_1_34' title='bbox 348 627 542 706; x_wconf 76' lang='lat' dir='ltr'><strong>paulatimque</strong></span> <span class='ocrx_word' id='word_1_35' title='bbox 553 628 733 686; x_wconf 90' lang='lat' dir='ltr'><strong>morientium</strong></span> <span class='ocrx_word' id='word_1_36' title='bbox 749 626 844 704; x_wconf 88' lang='lat' dir='ltr'><strong>capita</strong></span> <span class='ocrx_word' id='word_1_37' title='bbox 854 623 1088 699; x_wconf 73' lang='lat' dir='ltr'><strong>&#39;recontrahuut</strong></span> 
     </span>
     <span class='ocr_line' id='line_1_6' title="bbox 70 707 1089 789; baseline -0.008 -15"><span class='ocrx_word' id='word_1_38' title='bbox 70 730 147 775; x_wconf 81' lang='lat' dir='ltr'><strong>enee</strong></span> <span class='ocrx_word' id='word_1_39' title='bbox 164 712 370 789; x_wconf 87' lang='lat' dir='ltr'><strong>relinquuntur.</strong></span> <span class='ocrx_word' id='word_1_40' title='bbox 385 720 498 772; x_wconf 88' lang='lat' dir='ltr'><strong>natura</strong></span> <span class='ocrx_word' id='word_1_41' title='bbox 513 728 609 771; x_wconf 90' lang='lat' dir='ltr'><strong>earum</strong></span> <span class='ocrx_word' id='word_1_42' title='bbox 625 710 795 770; x_wconf 81' lang='lat' dir='ltr'><strong>adversatur</strong></span> <span class='ocrx_word' id='word_1_43' title='bbox 812 707 976 783; x_wconf 75' lang='lat' dir='ltr'>cimicibus,</span> <span class='ocrx_word' id='word_1_44' title='bbox 992 707 1089 768; x_wconf 82' lang='lat' dir='ltr'><strong>suffitu</strong></span> 
     </span>
     <span class='ocr_line' id='line_1_7' title="bbox 92 790 1088 874; baseline -0.004 -21"><span class='ocrx_word' id='word_1_45' title='bbox 92 804 177 855; x_wconf 88' lang='lat' dir='ltr'><strong>necat</strong></span> <span class='ocrx_word' id='word_1_46' title='bbox 193 812 255 854; x_wconf 87' lang='lat' dir='ltr'><strong>eos.</strong></span> <span class='ocrx_word' id='word_1_47' title='bbox 275 793 453 856; x_wconf 82' lang='lat' dir='ltr'><strong>Fihriuarurn</strong></span> <span class='ocrx_word' id='word_1_48' title='bbox 465 795 584 874; x_wconf 90' lang='lat' dir='ltr'><strong>pellium</strong></span> <span class='ocrx_word' id='word_1_49' title='bbox 599 811 662 852; x_wconf 92' lang='lat' dir='ltr'><strong>cum</strong></span> <span class='ocrx_word' id='word_1_50' title='bbox 673 795 741 873; x_wconf 92' lang='lat' dir='ltr'><strong>pice</strong></span> <span class='ocrx_word' id='word_1_51' title='bbox 755 792 862 871; x_wconf 90' lang='lat' dir='ltr'><strong>liquida</strong></span> <span class='ocrx_word' id='word_1_52' title='bbox 878 790 1088 852; x_wconf 87' lang='lat' dir='ltr'><strong>combustarum</strong></span> 
     </span>
     <span class='ocr_line' id='line_1_8' title="bbox 93 877 866 957; baseline -0.004 -19"><span class='ocrx_word' id='word_1_53' title='bbox 93 880 165 938; x_wconf 88' lang='lat' dir='ltr'><strong>cinis</strong></span> <span class='ocrx_word' id='word_1_54' title='bbox 179 879 287 937; x_wconf 91' lang='lat' dir='ltr'><strong>uarium</strong></span> <span class='ocrx_word' id='word_1_55' title='bbox 303 880 443 957; x_wconf 80' lang='lat' dir='ltr'><strong>profluvia</strong></span> <span class='ocrx_word' id='word_1_56' title='bbox 460 880 534 937; x_wconf 90' lang='lat' dir='ltr'><strong>sistit</strong></span> <span class='ocrx_word' id='word_1_57' title='bbox 550 893 622 936; x_wconf 93' lang='lat' dir='ltr'><strong>suco</strong></span> <span class='ocrx_word' id='word_1_58' title='bbox 636 877 715 954; x_wconf 91' lang='lat' dir='ltr'><strong>porri</strong></span> <span class='ocrx_word' id='word_1_59' title='bbox 729 877 866 936; x_wconf 89' lang='lat' dir='ltr'><strong>mollitus.</strong></span> 
     </span>
    </p>

    <p class='ocr_par' dir='ltr' id='par_1_3' title="bbox 155 959 1129 1042">
     <span class='ocr_line' id='line_1_9' title="bbox 155 959 1129 1042; baseline -0.001 -20"><span class='ocrx_word' id='word_1_60' title='bbox 155 960 239 1042; x_wconf 82' lang='lat'>(43.)</span> <span class='ocrx_word' id='word_1_61' title='bbox 262 962 394 1041; x_wconf 73' lang='lat' dir='ltr'><strong>Extrahit</strong></span> <span class='ocrx_word' id='word_1_62' title='bbox 407 963 524 1039; x_wconf 90' lang='lat' dir='ltr'><strong>corpori</strong></span> <span class='ocrx_word' id='word_1_63' title='bbox 538 960 596 1019; x_wconf 91' lang='lat' dir='ltr'><strong>tela</strong></span> <span class='ocrx_word' id='word_1_64' title='bbox 608 959 788 1021; x_wconf 81' lang='lat' dir='ltr'><strong>inhaerentia</strong></span> <span class='ocrx_word' id='word_1_65' title='bbox 797 961 960 1037; x_wconf 84' lang='lat' dir='ltr'><strong>saepiarum</strong></span> <span class='ocrx_word' id='word_1_66' title='bbox 974 966 1068 1017; x_wconf 88' lang='lat' dir='ltr'><strong>testae</strong></span> <span class='ocrx_word' id='word_1_67' title='bbox 1080 969 1129 1021; x_wconf 74' lang='lat'><strong>125</strong></span> 
     </span>
    </p>

    <p class='ocr_par' dir='ltr' id='par_1_4' title="bbox 58 1043 1089 1372">
     <span class='ocr_line' id='line_1_10' title="bbox 93 1043 1089 1124; baseline -0.004 -20"><span class='ocrx_word' id='word_1_68' title='bbox 93 1046 174 1124; x_wconf 89' lang='lat' dir='ltr'><strong>cinis,</strong></span> <span class='ocrx_word' id='word_1_69' title='bbox 190 1047 258 1104; x_wconf 90' lang='lat' dir='ltr'><strong>item</strong></span> <span class='ocrx_word' id='word_1_70' title='bbox 272 1060 460 1123; x_wconf 84' lang='lat' dir='ltr'><strong>purpuramm</strong></span> <span class='ocrx_word' id='word_1_71' title='bbox 473 1052 566 1102; x_wconf 89' lang='lat' dir='ltr'><strong>testae</strong></span> <span class='ocrx_word' id='word_1_72' title='bbox 579 1060 616 1101; x_wconf 89' lang='lat' dir='ltr'><strong>cx</strong></span> <span class='ocrx_word' id='word_1_73' title='bbox 629 1060 712 1121; x_wconf 91' lang='lat' dir='ltr'><strong>aqua,</strong></span> <span class='ocrx_word' id='word_1_74' title='bbox 726 1043 962 1104; x_wconf 84' lang='lat' dir='ltr'><strong>salsamentorum</strong></span> <span class='ocrx_word' id='word_1_75' title='bbox 977 1056 1089 1118; x_wconf 89' lang='lat' dir='ltr'><strong>carnes,</strong></span> 
     </span>
     <span class='ocr_line' id='line_1_11' title="bbox 58 1125 1089 1204; baseline 0.001 -23"><span class='ocrx_word' id='word_1_76' title='bbox 58 1142 82 1182; x_wconf 85' lang='lat' dir='ltr'><strong>ro</strong></span> <span class='ocrx_word' id='word_1_77' title='bbox 95 1129 191 1187; x_wconf 87' lang='lat' dir='ltr'><strong>cancri</strong></span> <span class='ocrx_word' id='word_1_78' title='bbox 207 1127 359 1187; x_wconf 77' lang='lat' dir='ltr'><strong>fluuiatiles</strong></span> <span class='ocrx_word' id='word_1_79' title='bbox 377 1128 451 1201; x_wconf 86' lang='lat' dir='ltr'><strong>triti,</strong></span> <span class='ocrx_word' id='word_1_80' title='bbox 477 1126 558 1185; x_wconf 91' lang='lat' dir='ltr'><strong>siluri</strong></span> <span class='ocrx_word' id='word_1_81' title='bbox 577 1126 739 1199; x_wconf 82' lang='lat' dir='ltr'><strong>fluviatilis,</strong></span> <span class='ocrx_word' id='word_1_82' title='bbox 764 1129 811 1204; x_wconf 94' lang='lat' dir='ltr'><strong>qui</strong></span> <span class='ocrx_word' id='word_1_83' title='bbox 829 1136 858 1185; x_wconf 93' lang='lat' dir='ltr'><strong>et</strong></span> <span class='ocrx_word' id='word_1_84' title='bbox 876 1125 944 1185; x_wconf 89' lang='lat' dir='ltr'><strong>alibi</strong></span> <span class='ocrx_word' id='word_1_85' title='bbox 959 1142 1044 1204; x_wconf 91' lang='lat' dir='ltr'><strong>quarn</strong></span> <span class='ocrx_word' id='word_1_86' title='bbox 1060 1127 1089 1183; x_wconf 89' lang='lat' dir='ltr'><strong>io</strong></span> 
     </span>
     <span class='ocr_line' id='line_1_12' title="bbox 91 1209 1089 1288; baseline -0.005 -18"><span class='ocrx_word' id='word_1_87' title='bbox 91 1211 158 1270; x_wconf 88' lang='lat' dir='ltr'><strong>Nilo</strong></span> <span class='ocrx_word' id='word_1_88' title='bbox 174 1211 317 1284; x_wconf 87' lang='lat' dir='ltr'><strong>nascitur,</strong></span> <span class='ocrx_word' id='word_1_89' title='bbox 343 1220 446 1268; x_wconf 90' lang='lat' dir='ltr'><strong>carues</strong></span> <span class='ocrx_word' id='word_1_90' title='bbox 466 1210 611 1288; x_wconf 90' lang='lat' dir='ltr'><strong>inpositae</strong></span> <span class='ocrx_word' id='word_1_91' title='bbox 627 1209 755 1269; x_wconf 90' lang='lat' dir='ltr'><strong>recentis</strong></span> <span class='ocrx_word' id='word_1_92' title='bbox 772 1211 834 1268; x_wconf 80' lang='lat' dir='ltr'><strong>sive</strong></span> <span class='ocrx_word' id='word_1_93' title='bbox 850 1209 929 1268; x_wconf 91' lang='lat' dir='ltr'><strong>salsi.</strong></span> <span class='ocrx_word' id='word_1_94' title='bbox 959 1209 1089 1268; x_wconf 89' lang='lat' dir='ltr'><strong>eiusdem</strong></span> 
     </span>
     <span class='ocr_line' id='line_1_13' title="bbox 93 1290 1087 1372; baseline -0.004 -21"><span class='ocrx_word' id='word_1_95' title='bbox 93 1293 165 1353; x_wconf 89' lang='lat' dir='ltr'><strong>cinis</strong></span> <span class='ocrx_word' id='word_1_96' title='bbox 177 1292 312 1369; x_wconf 81' lang='lat' dir='ltr'><strong>extrahit,</strong></span> <span class='ocrx_word' id='word_1_97' title='bbox 328 1292 410 1371; x_wconf 88' lang='lat' dir='ltr'><strong>adips</strong></span> <span class='ocrx_word' id='word_1_98' title='bbox 425 1301 455 1352; x_wconf 91' lang='lat' dir='ltr'><strong>et</strong></span> <span class='ocrx_word' id='word_1_99' title='bbox 470 1295 542 1353; x_wconf 91' lang='lat' dir='ltr'><strong>cinis</strong></span> <span class='ocrx_word' id='word_1_100' title='bbox 558 1296 659 1372; x_wconf 91' lang='lat' dir='ltr'><strong>spinae</strong></span> <span class='ocrx_word' id='word_1_101' title='bbox 675 1295 736 1352; x_wconf 92' lang='lat' dir='ltr'><strong>eius</strong></span> <span class='ocrx_word' id='word_1_102' title='bbox 748 1295 847 1352; x_wconf 84' lang='lat' dir='ltr'><strong>vicem·</strong></span> <span class='ocrx_word' id='word_1_103' title='bbox 856 1292 941 1369; x_wconf 93' lang='lat' dir='ltr'><strong>spodi</strong></span> <span class='ocrx_word' id='word_1_104' title='bbox 955 1290 1087 1369; x_wconf 90' lang='lat' dir='ltr'><strong>praehet.</strong></span> 
     </span>
    </p>

    <p class='ocr_par' dir='ltr' id='par_1_5' title="bbox 91 1374 1130 1537">
     <span class='ocr_line' id='line_1_14' title="bbox 155 1374 1130 1455; baseline 0 -20"><span class='ocrx_word' id='word_1_105' title='bbox 155 1375 240 1452; x_wconf 87' lang='grc'>(44.)</span> <span class='ocrx_word' id='word_1_106' title='bbox 263 1374 369 1435; x_wconf 89' lang='lat' dir='ltr'><strong>Ulcera</strong></span> <span class='ocrx_word' id='word_1_107' title='bbox 383 1392 456 1453; x_wconf 89' lang='lat' dir='ltr'><strong>quae</strong></span> <span class='ocrx_word' id='word_1_108' title='bbox 473 1387 593 1455; x_wconf 90' lang='lat' dir='ltr'><strong>serpunt</strong></span> <span class='ocrx_word' id='word_1_109' title='bbox 609 1385 639 1436; x_wconf 91' lang='lat' dir='ltr'><strong>et</strong></span> <span class='ocrx_word' id='word_1_110' title='bbox 656 1378 769 1455; x_wconf 89' lang='lat' dir='ltr'><strong>quaein</strong></span> <span class='ocrx_word' id='word_1_111' title='bbox 785 1377 820 1434; x_wconf 89' lang='lat' dir='ltr'><strong>iis</strong></span> <span class='ocrx_word' id='word_1_112' title='bbox 832 1382 1007 1434; x_wconf 84' lang='lat' dir='ltr'><strong>excrescunt</strong></span> <span class='ocrx_word' id='word_1_113' title='bbox 1022 1391 1067 1432; x_wconf 92' lang='lat' dir='ltr'><strong>ca·</strong></span> <span class='ocrx_word' id='word_1_114' title='bbox 1081 1382 1130 1435; x_wconf 72' lang='lat'><strong>126</strong></span> 
     </span>
     <span class='ocr_line' id='line_1_15' title="bbox 91 1459 1089 1537; baseline -0.001 -21"><span class='ocrx_word' id='word_1_115' title='bbox 91 1460 159 1537; x_wconf 86' lang='lat' dir='ltr'><strong>pitis</strong></span> <span class='ocrx_word' id='word_1_116' title='bbox 174 1476 320 1518; x_wconf 90' lang='lat' dir='ltr'><strong>menarum</strong></span> <span class='ocrx_word' id='word_1_117' title='bbox 338 1459 409 1519; x_wconf 92' lang='lat' dir='ltr'><strong>ciuis</strong></span> <span class='ocrx_word' id='word_1_118' title='bbox 424 1461 472 1519; x_wconf 75' lang='lat' dir='ltr'><strong>rel</strong></span> <span class='ocrx_word' id='word_1_119' title='bbox 488 1461 568 1520; x_wconf 90' lang='lat' dir='ltr'><strong>siluri</strong></span> <span class='ocrx_word' id='word_1_120' title='bbox 584 1468 712 1535; x_wconf 90' lang='lat' dir='ltr'><strong>coercet,</strong></span> <span class='ocrx_word' id='word_1_121' title='bbox 728 1460 919 1518; x_wconf 78' lang='lat' dir='ltr'><strong>carcinomata</strong></span> <span class='ocrx_word' id='word_1_122' title='bbox 937 1474 1089 1536; x_wconf 86' lang='lat' dir='ltr'><strong>percarum</strong></span> 
     </span>
    </p>

    <p class='ocr_par' dir='ltr' id='par_1_6' title="bbox 55 1539 1153 2863">
     <span class='ocr_line' id='line_1_16' title="bbox 57 1539 1090 1620; baseline -0.001 -20"><span class='ocrx_word' id='word_1_123' title='bbox 57 1560 82 1600; x_wconf 85' lang='lat' dir='ltr'><strong>rs</strong></span> <span class='ocrx_word' id='word_1_124' title='bbox 94 1543 188 1620; x_wconf 90' lang='lat' dir='ltr'><strong>capita</strong></span> <span class='ocrx_word' id='word_1_125' title='bbox 204 1541 359 1618; x_wconf 91' lang='lat' dir='ltr'><strong>salsarum,</strong></span> <span class='ocrx_word' id='word_1_126' title='bbox 382 1542 532 1603; x_wconf 91' lang='lat' dir='ltr'><strong>eiiicacius</strong></span> <span class='ocrx_word' id='word_1_127' title='bbox 553 1546 577 1602; x_wconf 93' lang='lat' dir='ltr'><strong>si</strong></span> <span class='ocrx_word' id='word_1_128' title='bbox 595 1545 694 1603; x_wconf 90' lang='lat' dir='ltr'><strong>cinere</strong></span> <span class='ocrx_word' id='word_1_129' title='bbox 714 1560 809 1602; x_wconf 89' lang='lat' dir='ltr'><strong>earum</strong></span> <span class='ocrx_word' id='word_1_130' title='bbox 828 1543 983 1600; x_wconf 81' lang='lat' dir='ltr'><strong>misceatur</strong></span> <span class='ocrx_word' id='word_1_131' title='bbox 1001 1539 1044 1598; x_wconf 89' lang='lat' dir='ltr'><strong>sal</strong></span> <span class='ocrx_word' id='word_1_132' title='bbox 1061 1548 1090 1599; x_wconf 89' lang='lat' dir='ltr'><strong>et</strong></span> 
     </span>
     <span class='ocr_line' id='line_1_17' title="bbox 91 1624 1090 1705; baseline -0.003 -22"><span class='ocrx_word' id='word_1_133' title='bbox 91 1626 185 1685; x_wconf 90' lang='lat' dir='ltr'><strong>cunila</strong></span> <span class='ocrx_word' id='word_1_134' title='bbox 204 1626 327 1703; x_wconf 90' lang='lat' dir='ltr'><strong>capitata</strong></span> <span class='ocrx_word' id='word_1_135' title='bbox 344 1627 471 1705; x_wconf 88' lang='lat' dir='ltr'><strong>oleoque</strong></span> <span class='ocrx_word' id='word_1_136' title='bbox 494 1625 669 1702; x_wconf 82' lang='lat' dir='ltr'><strong>subigantur.</strong></span> <span class='ocrx_word' id='word_1_137' title='bbox 699 1626 797 1685; x_wconf 90' lang='lat' dir='ltr'><strong>canori</strong></span> <span class='ocrx_word' id='word_1_138' title='bbox 818 1626 918 1684; x_wconf 91' lang='lat' dir='ltr'><strong>marini</strong></span> <span class='ocrx_word' id='word_1_139' title='bbox 944 1625 1015 1683; x_wconf 86' lang='lat' dir='ltr'><strong>ciuis</strong></span> <span class='ocrx_word' id='word_1_140' title='bbox 1033 1624 1090 1681; x_wconf 89' lang='lat' dir='ltr'><strong>usti</strong></span> 
     </span>
     <span class='ocr_line' id='line_1_18' title="bbox 91 1706 1088 1788; baseline -0.002 -20"><span class='ocrx_word' id='word_1_141' title='bbox 91 1727 153 1768; x_wconf 90' lang='lat' dir='ltr'><strong>cum</strong></span> <span class='ocrx_word' id='word_1_142' title='bbox 188 1708 306 1788; x_wconf 91' lang='lat' dir='ltr'><strong>plumbo</strong></span> <span class='ocrx_word' id='word_1_143' title='bbox 330 1713 521 1770; x_wconf 84' lang='lat' dir='ltr'><strong>carcinomata</strong></span> <span class='ocrx_word' id='word_1_144' title='bbox 545 1711 705 1788; x_wconf 83' lang='lat' dir='ltr'><strong>conpescit.</strong></span> <span class='ocrx_word' id='word_1_145' title='bbox 736 1709 853 1769; x_wconf 89' lang='lat' dir='ltr'><strong>adhoc</strong></span> <span class='ocrx_word' id='word_1_146' title='bbox 883 1717 912 1767; x_wconf 91' lang='lat' dir='ltr'><strong>et</strong></span> <span class='ocrx_word' id='word_1_147' title='bbox 943 1706 1088 1767; x_wconf 88' lang='lat' dir='ltr'><strong>huviatilis</strong></span> 
     </span>
     <span class='ocr_line' id='line_1_19' title="bbox 91 1791 1089 1872; baseline -0.002 -22"><span class='ocrx_word' id='word_1_148' title='bbox 91 1793 197 1851; x_wconf 80' lang='lat' dir='ltr'><strong>suflicit</strong></span> <span class='ocrx_word' id='word_1_149' title='bbox 219 1811 282 1851; x_wconf 91' lang='lat' dir='ltr'><strong>cum</strong></span> <span class='ocrx_word' id='word_1_150' title='bbox 298 1793 385 1853; x_wconf 88' lang='lat' dir='ltr'><strong>melle</strong></span> <span class='ocrx_word' id='word_1_151' title='bbox 405 1794 539 1872; x_wconf 82' lang='lat' dir='ltr'><strong>lineaque</strong></span> <span class='ocrx_word' id='word_1_152' title='bbox 560 1794 711 1869; x_wconf 84' lang='lat' dir='ltr'><strong>lanugine,</strong></span> <span class='ocrx_word' id='word_1_153' title='bbox 736 1793 822 1872; x_wconf 91' lang='lat' dir='ltr'><strong>aliqui</strong></span> <span class='ocrx_word' id='word_1_154' title='bbox 843 1791 951 1852; x_wconf 89' lang='lat' dir='ltr'><strong>malunt</strong></span> <span class='ocrx_word' id='word_1_155' title='bbox 975 1791 1089 1852; x_wconf 90' lang='lat' dir='ltr'><strong>alumen</strong></span> 
     </span>
     <span class='ocr_line' id='line_1_20' title="bbox 90 1874 1089 1955; baseline -0.002 -21"><span class='ocrx_word' id='word_1_156' title='bbox 90 1876 206 1954; x_wconf 85' lang='lat' dir='ltr'><strong>melque</strong></span> <span class='ocrx_word' id='word_1_157' title='bbox 229 1878 345 1936; x_wconf 88' lang='lat' dir='ltr'><strong>misceri</strong></span> <span class='ocrx_word' id='word_1_158' title='bbox 370 1879 469 1936; x_wconf 89' lang='lat' dir='ltr'><strong>cineri.</strong></span> <span class='ocrx_word' id='word_1_159' title='bbox 502 1874 711 1955; x_wconf 84' lang='lat' dir='ltr'><strong>phagedaenae</strong></span> <span class='ocrx_word' id='word_1_160' title='bbox 745 1877 834 1936; x_wconf 89' lang='lat' dir='ltr'><strong>siluro</strong></span> <span class='ocrx_word' id='word_1_161' title='bbox 864 1879 1026 1935; x_wconf 79' lang='lat' dir='ltr'><strong>inveterato</strong></span> <span class='ocrx_word' id='word_1_162' title='bbox 1060 1882 1089 1932; x_wconf 92' lang='lat' dir='ltr'><strong>et</strong></span> 
     </span>
     <span class='ocr_line' id='line_1_21' title="bbox 55 1958 1153 2035; baseline 0.003 -24"><span class='ocrx_word' id='word_1_163' title='bbox 55 1972 155 2019; x_wconf 82' lang='lat' dir='ltr'><strong>roeum</strong></span> <span class='ocrx_word' id='word_1_164' title='bbox 184 1959 341 2018; x_wconf 90' lang='lat' dir='ltr'><strong>sandaraca</strong></span> <span class='ocrx_word' id='word_1_165' title='bbox 368 1961 435 2017; x_wconf 86' lang='lat' dir='ltr'><strong>trito</strong></span> <span class='ocrx_word' id='word_1_166' title='bbox 467 1958 608 2017; x_wconf 89' lang='lat' dir='ltr'><strong>cacoethe</strong></span> <span class='ocrx_word' id='word_1_167' title='bbox 638 1969 667 2016; x_wconf 89' lang='lat' dir='ltr'><strong>et</strong></span> <span class='ocrx_word' id='word_1_168' title='bbox 697 1976 799 2017; x_wconf 90' lang='lat' dir='ltr'><strong>nomae</strong></span> <span class='ocrx_word' id='word_1_169' title='bbox 831 1968 861 2017; x_wconf 90' lang='lat' dir='ltr'><strong>et</strong></span> <span class='ocrx_word' id='word_1_170' title='bbox 892 1958 1088 2035; x_wconf 87' lang='lat' dir='ltr'><strong>putrescentia</strong></span> <span class='ocrx_word' id='word_1_171' title='bbox 1145 1962 1153 1977; x_wconf 74' lang='lat'><strong><em>‘</em></strong></span> 
     </span>
     <span class='ocr_line' id='line_1_22' title="bbox 92 2040 1129 2115; baseline 0.002 -15"><span class='ocrx_word' id='word_1_172' title='bbox 92 2041 177 2115; x_wconf 64' lang='lat' dir='ltr'><strong>cybio</strong></span> <span class='ocrx_word' id='word_1_173' title='bbox 201 2049 304 2099; x_wconf 87' lang='lat' dir='ltr'><strong>vetere</strong></span> <span class='ocrx_word' id='word_1_174' title='bbox 325 2051 469 2100; x_wconf 88' lang='lat' dir='ltr'><strong>sanantur.</strong></span> <span class='ocrx_word' id='word_1_175' title='bbox 510 2057 627 2099; x_wconf 83' lang='lat' dir='ltr'><strong>vermes</strong></span> <span class='ocrx_word' id='word_1_176' title='bbox 648 2041 736 2099; x_wconf 90' lang='lat' dir='ltr'><strong>innati</strong></span> <span class='ocrx_word' id='word_1_177' title='bbox 762 2057 893 2099; x_wconf 90' lang='lat' dir='ltr'><strong>ranarum</strong></span> <span class='ocrx_word' id='word_1_178' title='bbox 920 2040 990 2099; x_wconf 87' lang='lat' dir='ltr'><strong>lelle</strong></span> <span class='ocrx_word' id='word_1_179' title='bbox 1011 2040 1129 2104; x_wconf 79' lang='lat' dir='ltr'><strong>tol-127</strong></span> 
     </span>
     <span class='ocr_line' id='line_1_23' title="bbox 90 2122 1089 2201; baseline 0 -19"><span class='ocrx_word' id='word_1_180' title='bbox 90 2123 202 2197; x_wconf 88' lang='lat' dir='ltr'><strong>luutur,</strong></span> <span class='ocrx_word' id='word_1_181' title='bbox 240 2122 353 2181; x_wconf 87' lang='lat' dir='ltr'><strong>fistulae</strong></span> <span class='ocrx_word' id='word_1_182' title='bbox 386 2124 552 2200; x_wconf 88' lang='lat' dir='ltr'><strong>aperiuntur</strong></span> <span class='ocrx_word' id='word_1_183' title='bbox 581 2125 781 2201; x_wconf 88' lang='lat' dir='ltr'><strong>siccanturque</strong></span> <span class='ocrx_word' id='word_1_184' title='bbox 812 2123 994 2184; x_wconf 88' lang='lat' dir='ltr'><strong>salsamentis</strong></span> <span class='ocrx_word' id='word_1_185' title='bbox 1025 2140 1089 2182; x_wconf 89' lang='lat' dir='ltr'><strong>cum</strong></span> 
     </span>
     <span class='ocr_line' id='line_1_24' title="bbox 91 2205 1087 2284; baseline 0.003 -20"><span class='ocrx_word' id='word_1_186' title='bbox 91 2205 212 2265; x_wconf 89' lang='lat' dir='ltr'><strong>linteolo</strong></span> <span class='ocrx_word' id='word_1_187' title='bbox 228 2207 368 2281; x_wconf 86' lang='lat' dir='ltr'><strong>inmissis,</strong></span> <span class='ocrx_word' id='word_1_188' title='bbox 385 2207 515 2284; x_wconf 88' lang='lat' dir='ltr'><strong>intraque</strong></span> <span class='ocrx_word' id='word_1_189' title='bbox 533 2205 656 2266; x_wconf 88' lang='lat' dir='ltr'><strong>alterum·</strong></span> <span class='ocrx_word' id='word_1_190' title='bbox 667 2205 742 2266; x_wconf 87' lang='lat' dir='ltr'><strong>diem</strong></span> <span class='ocrx_word' id='word_1_191' title='bbox 761 2207 865 2267; x_wconf 89' lang='lat' dir='ltr'><strong>callum</strong></span> <span class='ocrx_word' id='word_1_192' title='bbox 880 2223 992 2267; x_wconf 88' lang='lat' dir='ltr'><strong>omnem</strong></span> <span class='ocrx_word' id='word_1_193' title='bbox 1008 2206 1087 2267; x_wconf 86' lang='lat' dir='ltr'><strong>aule·</strong></span> 
     </span>
     <span class='ocr_line' id='line_1_25' title="bbox 91 2288 1087 2369; baseline 0.003 -22"><span class='ocrx_word' id='word_1_194' title='bbox 91 2298 157 2349; x_wconf 90' lang='lat' dir='ltr'><strong>runt</strong></span> <span class='ocrx_word' id='word_1_195' title='bbox 172 2298 200 2348; x_wconf 90' lang='lat' dir='ltr'><strong>et</strong></span> <span class='ocrx_word' id='word_1_196' title='bbox 215 2289 409 2366; x_wconf 89' lang='lat' dir='ltr'><strong>putrescentia</strong></span> <span class='ocrx_word' id='word_1_197' title='bbox 422 2288 550 2349; x_wconf 89' lang='lat' dir='ltr'><strong>ulcerum</strong></span> <span class='ocrx_word' id='word_1_198' title='bbox 566 2308 697 2369; x_wconf 90' lang='lat' dir='ltr'><strong>quaeque</strong></span> <span class='ocrx_word' id='word_1_199' title='bbox 711 2301 829 2368; x_wconf 89' lang='lat' dir='ltr'><strong>serpunt</strong></span> <span class='ocrx_word' id='word_1_200' title='bbox 839 2290 989 2368; x_wconf 90' lang='lat' dir='ltr'><strong>emplastri</strong></span> <span class='ocrx_word' id='word_1_201' title='bbox 1001 2290 1087 2350; x_wconf 93' lang='lat' dir='ltr'><strong>modo</strong></span> 
     </span>
     <span class='ocr_line' id='line_1_26' title="bbox 55 2372 1087 2452; baseline 0.005 -25"><span class='ocrx_word' id='word_1_202' title='bbox 55 2387 82 2428; x_wconf 78' lang='lat' dir='ltr'><strong>rs</strong></span> <span class='ocrx_word' id='word_1_203' title='bbox 94 2372 212 2432; x_wconf 89' lang='lat' dir='ltr'><strong>subacta</strong></span> <span class='ocrx_word' id='word_1_204' title='bbox 227 2380 255 2430; x_wconf 89' lang='lat' dir='ltr'><strong>et</strong></span> <span class='ocrx_word' id='word_1_205' title='bbox 271 2373 359 2432; x_wconf 87' lang='lat' dir='ltr'><strong>inlita.</strong></span> <span class='ocrx_word' id='word_1_206' title='bbox 389 2381 419 2431; x_wconf 91' lang='lat' dir='ltr'><strong>et</strong></span> <span class='ocrx_word' id='word_1_207' title='bbox 440 2372 518 2432; x_wconf 86' lang='lat' dir='ltr'><strong>allex</strong></span> <span class='ocrx_word' id='word_1_208' title='bbox 543 2383 648 2452; x_wconf 76' lang='lat' dir='ltr'><strong>purgat</strong></span> <span class='ocrx_word' id='word_1_209' title='bbox 662 2374 760 2434; x_wconf 90' lang='lat' dir='ltr'><strong>ulcera</strong></span> <span class='ocrx_word' id='word_1_210' title='bbox 775 2375 804 2435; x_wconf 92' lang='lat' dir='ltr'><strong>in</strong></span> <span class='ocrx_word' id='word_1_211' title='bbox 821 2374 948 2435; x_wconf 89' lang='lat' dir='ltr'><strong>linteolis</strong></span> <span class='ocrx_word' id='word_1_212' title='bbox 967 2391 1087 2433; x_wconf 87' lang='lat' dir='ltr'><strong>concer-</strong></span> 
     </span>
     <span class='ocr_line' id='line_1_27' title="bbox 92 2454 1090 2533; baseline 0.002 -19"><span class='ocrx_word' id='word_1_213' title='bbox 92 2457 165 2533; x_wconf 90' lang='lat' dir='ltr'><strong>ptis,</strong></span> <span class='ocrx_word' id='word_1_214' title='bbox 187 2456 253 2514; x_wconf 92' lang='lat' dir='ltr'><strong>item</strong></span> <span class='ocrx_word' id='word_1_215' title='bbox 269 2454 435 2515; x_wconf 89' lang='lat' dir='ltr'><strong>echinorum</strong></span> <span class='ocrx_word' id='word_1_216' title='bbox 451 2465 545 2516; x_wconf 91' lang='lat' dir='ltr'><strong>testae</strong></span> <span class='ocrx_word' id='word_1_217' title='bbox 567 2459 648 2515; x_wconf 88' lang='lat' dir='ltr'><strong>cinis.</strong></span> <span class='ocrx_word' id='word_1_218' title='bbox 676 2456 868 2518; x_wconf 86' lang='lat' dir='ltr'><strong>carbunculos</strong></span> <span class='ocrx_word' id='word_1_219' title='bbox 886 2459 1090 2519; x_wconf 81' lang='lat' dir='ltr'><strong>coracinorum·</strong></span> 
     </span>
     <span class='ocr_line' id='line_1_28' title="bbox 91 2537 1087 2617; baseline 0.002 -20"><span class='ocrx_word' id='word_1_220' title='bbox 91 2537 264 2598; x_wconf 91' lang='lat' dir='ltr'><strong>salsamenta</strong></span> <span class='ocrx_word' id='word_1_221' title='bbox 275 2537 355 2597; x_wconf 90' lang='lat' dir='ltr'><strong>inlita</strong></span> <span class='ocrx_word' id='word_1_222' title='bbox 366 2538 528 2615; x_wconf 90' lang='lat' dir='ltr'><strong>discutiunt,</strong></span> <span class='ocrx_word' id='word_1_223' title='bbox 539 2541 606 2599; x_wconf 90' lang='lat' dir='ltr'><strong>item</strong></span> <span class='ocrx_word' id='word_1_224' title='bbox 619 2540 769 2600; x_wconf 89' lang='lat' dir='ltr'><strong>mullorum</strong></span> <span class='ocrx_word' id='word_1_225' title='bbox 780 2542 944 2602; x_wconf 89' lang='lat' dir='ltr'><strong>salsamenti</strong></span> <span class='ocrx_word' id='word_1_226' title='bbox 958 2542 1087 2617; x_wconf 80' lang='lat' dir='ltr'><strong>ciuis,-</strong></span> 
     </span>
     <span class='ocr_line' id='line_1_29' title="bbox 91 2620 1087 2700; baseline 0.005 -22"><span class='ocrx_word' id='word_1_227' title='bbox 91 2620 204 2698; x_wconf 93' lang='lat' dir='ltr'><strong>quidam</strong></span> <span class='ocrx_word' id='word_1_228' title='bbox 221 2623 314 2698; x_wconf 91' lang='lat' dir='ltr'><strong>capite</strong></span> <span class='ocrx_word' id='word_1_229' title='bbox 330 2629 435 2681; x_wconf 89' lang='lat' dir='ltr'><strong>tantum</strong></span> <span class='ocrx_word' id='word_1_230' title='bbox 449 2630 563 2680; x_wconf 91' lang='lat' dir='ltr'><strong>utuntur</strong></span> <span class='ocrx_word' id='word_1_231' title='bbox 581 2640 644 2681; x_wconf 90' lang='lat' dir='ltr'><strong>cum</strong></span> <span class='ocrx_word' id='word_1_232' title='bbox 658 2623 806 2700; x_wconf 88' lang='lat' dir='ltr'><strong>mellc,·-</strong></span> <span class='ocrx_word' id='word_1_233' title='bbox 818 2624 867 2683; x_wconf 87' lang='lat' dir='ltr'><strong>vel</strong></span> <span class='ocrx_word' id='word_1_234' title='bbox 886 2627 1087 2684; x_wconf 91' lang='lat' dir='ltr'><strong>coracinorum</strong></span> 
     </span>
     <span class='ocr_line' id='line_1_30' title="bbox 92 2703 1086 2782; baseline 0.006 -21"><span class='ocrx_word' id='word_1_235' title='bbox 92 2720 204 2762; x_wconf 90' lang='lat' dir='ltr'><strong>carnes.</strong></span> <span class='ocrx_word' id='word_1_236' title='bbox 226 2703 363 2761; x_wconf 91' lang='lat' dir='ltr'><strong>muricum</strong></span> <span class='ocrx_word' id='word_1_237' title='bbox 379 2703 450 2762; x_wconf 89' lang='lat' dir='ltr'><strong>ciuis</strong></span> <span class='ocrx_word' id='word_1_238' title='bbox 466 2720 528 2762; x_wconf 92' lang='lat' dir='ltr'><strong>cum</strong></span> <span class='ocrx_word' id='word_1_239' title='bbox 544 2705 612 2764; x_wconf 89' lang='lat' dir='ltr'><strong>oleo</strong></span> <span class='ocrx_word' id='word_1_240' title='bbox 626 2713 766 2764; x_wconf 90' lang='lat' dir='ltr'><strong>tumorem</strong></span> <span class='ocrx_word' id='word_1_241' title='bbox 778 2707 864 2782; x_wconf 90' lang='lat' dir='ltr'><strong>tollit,</strong></span> <span class='ocrx_word' id='word_1_242' title='bbox 880 2708 1033 2766; x_wconf 88' lang='lat' dir='ltr'><strong>cicatrices</strong></span> <span class='ocrx_word' id='word_1_243' title='bbox 1045 2708 1086 2767; x_wconf 86' lang='lat' dir='ltr'><strong>iel</strong></span> 
     </span>
     <span class='ocr_line' id='line_1_31' title="bbox 55 2786 985 2863; baseline -0.003 -15"><span class='ocrx_word' id='word_1_244' title='bbox 55 2787 255 2863; x_wconf 88' lang='lat' dir='ltr'><strong>eoscorpionis</strong></span> <span class='ocrx_word' id='word_1_245' title='bbox 272 2786 381 2846; x_wconf 87' lang='lat' dir='ltr'><strong>marini.</strong></span> <span class='ocrx_word' id='word_1_246' title='bbox 983 2788 985 2792; x_wconf 80' lang='grc'>’</span> 
     </span>
    </p>

    <p class='ocr_par' dir='ltr' id='par_1_7' title="bbox 89 2869 1128 3202">
     <span class='ocr_line' id='line_1_32' title="bbox 153 2869 1128 2952; baseline 0.011 -25"><span class='ocrx_word' id='word_1_247' title='bbox 153 2869 236 2947; x_wconf 85' lang='grc'>(45.)</span> <span class='ocrx_word' id='word_1_248' title='bbox 260 2869 577 2948; x_wconf 78' lang='lat' dir='ltr'><strong>Verrucastollitglaui</strong></span> <span class='ocrx_word' id='word_1_249' title='bbox 587 2871 670 2930; x_wconf 91' lang='lat' dir='ltr'><strong>iocur</strong></span> <span class='ocrx_word' id='word_1_250' title='bbox 679 2871 799 2948; x_wconf 87' lang='lat' dir='ltr'><strong>inlitum,</strong></span> <span class='ocrx_word' id='word_1_251' title='bbox 808 2874 910 2952; x_wconf 89' lang='lat' dir='ltr'><strong>cupitis</strong></span> <span class='ocrx_word' id='word_1_252' title='bbox 921 2886 1128 2942; x_wconf 76' lang='lat' dir='ltr'><strong>menarumlte</strong></span> 
     </span>
     <span class='ocr_line' id='line_1_33' title="bbox 90 2951 1083 3032; baseline 0.005 -21"><span class='ocrx_word' id='word_1_253' title='bbox 90 2953 160 3012; x_wconf 89' lang='lat' dir='ltr'><strong>ciuis</strong></span> <span class='ocrx_word' id='word_1_254' title='bbox 177 2971 241 3012; x_wconf 89' lang='lat' dir='ltr'><strong>oum</strong></span> <span class='ocrx_word' id='word_1_255' title='bbox 254 2951 309 3013; x_wconf 92' lang='lat' dir='ltr'><strong>alio</strong></span> <span class='ocrx_word' id='word_1_256' title='bbox 320 2955 455 3014; x_wconf 75' lang='lat' dir='ltr'><strong>tritus-</strong></span> <span class='ocrx_word' id='word_1_257' title='bbox 471 2955 506 3013; x_wconf 90' lang='lat' dir='ltr'><strong>ad</strong></span> <span class='ocrx_word' id='word_1_258' title='bbox 523 2954 629 3029; x_wconf 63' lang='lat' dir='ltr'><strong>thymia</strong></span> <span class='ocrx_word' id='word_1_259' title='bbox 645 2957 741 3015; x_wconf 89' lang='lat' dir='ltr'><strong>crudis</strong></span> <span class='ocrx_word' id='word_1_260' title='bbox 756 2966 869 3016; x_wconf 89' lang='lat' dir='ltr'><strong>utuntur</strong></span> <span class='ocrx_word' id='word_1_261' title='bbox 879 2990 936 3032; x_wconf 88' lang='lat'><strong>-—,</strong></span> <span class='ocrx_word' id='word_1_262' title='bbox 952 2956 992 3016; x_wconf 87' lang='lat' dir='ltr'><strong>iel</strong></span> <span class='ocrx_word' id='word_1_263' title='bbox 1005 2976 1083 3017; x_wconf 88' lang='lat' dir='ltr'><strong>scor-</strong></span> 
     </span>
     <span class='ocr_line' id='line_1_34' title="bbox 89 3037 1083 3117; baseline 0.006 -24"><span class='ocrx_word' id='word_1_264' title='bbox 89 3037 184 3114; x_wconf 92' lang='lat' dir='ltr'><strong>pionis</strong></span> <span class='ocrx_word' id='word_1_265' title='bbox 199 3038 299 3097; x_wconf 89' lang='lat' dir='ltr'><strong>marini</strong></span> <span class='ocrx_word' id='word_1_266' title='bbox 314 3039 382 3114; x_wconf 85' lang='lat' dir='ltr'><strong>ruli,</strong></span> <span class='ocrx_word' id='word_1_267' title='bbox 400 3038 541 3098; x_wconf 85' lang='lat' dir='ltr'><strong>zmarides</strong></span> <span class='ocrx_word' id='word_1_268' title='bbox 556 3041 640 3098; x_wconf 88' lang='lat' dir='ltr'><strong>tritae</strong></span> <span class='ocrx_word' id='word_1_269' title='bbox 656 3040 766 3117; x_wconf 88' lang='lat' dir='ltr'><strong>inlitae,</strong></span> <span class='ocrx_word' id='word_1_270' title='bbox 782 3041 860 3101; x_wconf 86' lang='lat' dir='ltr'><strong>allex</strong></span> <span class='ocrx_word' id='word_1_271' title='bbox 876 3039 1083 3100; x_wconf 85' lang='lat' dir='ltr'><strong>defervefacta.</strong></span> 
     </span>
     <span class='ocr_line' id='line_1_35' title="bbox 89 3120 960 3202; baseline 0.002 -24"><span class='ocrx_word' id='word_1_272' title='bbox 89 3120 222 3194; x_wconf 76' lang='lat' dir='ltr'><strong>unguium</strong></span> <span class='ocrx_word' id='word_1_273' title='bbox 238 3122 400 3181; x_wconf 88' lang='lat' dir='ltr'><strong>scabritiam</strong></span> <span class='ocrx_word' id='word_1_274' title='bbox 420 3123 491 3181; x_wconf 90' lang='lat' dir='ltr'><strong>cinis</strong></span> <span class='ocrx_word' id='word_1_275' title='bbox 507 3140 524 3180; x_wconf 89' lang='lat' dir='ltr'><strong>e</strong></span> <span class='ocrx_word' id='word_1_276' title='bbox 540 3124 635 3202; x_wconf 87' lang='lat' dir='ltr'><strong>capite</strong></span> <span class='ocrx_word' id='word_1_277' title='bbox 649 3141 796 3184; x_wconf 87' lang='lat' dir='ltr'><strong>menarum</strong></span> <span class='ocrx_word' id='word_1_278' title='bbox 815 3131 960 3183; x_wconf 82' lang='lat' dir='ltr'><strong>extenuat</strong></span> 
     </span>
    </p>

    <p class='ocr_par' dir='ltr' id='par_1_8' title="bbox 55 3201 1126 3370">
     <span class='ocr_line' id='line_1_36' title="bbox 55 3201 1126 3284; baseline 0.013 -25"><span class='ocrx_word' id='word_1_279' title='bbox 55 3219 80 3260; x_wconf 79' lang='lat' dir='ltr'><strong>aa</strong></span> <span class='ocrx_word' id='word_1_280' title='bbox 149 3201 232 3281; x_wconf 92' lang='grc'>(46.)</span> <span class='ocrx_word' id='word_1_281' title='bbox 255 3203 424 3265; x_wconf 84' lang='lat' dir='ltr'><strong>Mulierihus</strong></span> <span class='ocrx_word' id='word_1_282' title='bbox 445 3205 530 3265; x_wconf 84' lang='lat' dir='ltr'><strong>lactis</strong></span> <span class='ocrx_word' id='word_1_283' title='bbox 556 3209 669 3284; x_wconf 87' lang='lat' dir='ltr'><strong>copiam</strong></span> <span class='ocrx_word' id='word_1_284' title='bbox 689 3207 759 3268; x_wconf 91' lang='lat' dir='ltr'><strong>iacit</strong></span> <span class='ocrx_word' id='word_1_285' title='bbox 779 3204 983 3284; x_wconf 65' lang='lat' dir='ltr'><strong>praeelectae</strong></span> <span class='ocrx_word' id='word_1_286' title='bbox 1003 3209 1064 3267; x_wconf 87' lang='lat' dir='ltr'><strong>iure</strong></span> <span class='ocrx_word' id='word_1_287' title='bbox 1077 3219 1126 3274; x_wconf 76' lang='lat'><strong>129</strong></span> 
     </span>
     <span class='ocr_line' id='line_1_37' title="bbox 89 3288 1084 3370; baseline 0.009 -28"><span class='ocrx_word' id='word_1_288' title='bbox 89 3295 217 3363; x_wconf 90' lang='lat' dir='ltr'><strong>sumptus</strong></span> <span class='ocrx_word' id='word_1_289' title='bbox 235 3297 264 3347; x_wconf 92' lang='lat' dir='ltr'><strong>et</strong></span> <span class='ocrx_word' id='word_1_290' title='bbox 279 3288 419 3348; x_wconf 82' lang='lat' dir='ltr'><strong>zmarides</strong></span> <span class='ocrx_word' id='word_1_291' title='bbox 436 3307 498 3348; x_wconf 93' lang='lat' dir='ltr'><strong>cum</strong></span> <span class='ocrx_word' id='word_1_292' title='bbox 513 3291 603 3349; x_wconf 90' lang='lat' dir='ltr'><strong>tisana</strong></span> <span class='ocrx_word' id='word_1_293' title='bbox 616 3300 746 3370; x_wconf 89' lang='lat' dir='ltr'><strong>sumptae</strong></span> <span class='ocrx_word' id='word_1_294' title='bbox 757 3291 807 3350; x_wconf 86' lang='lat' dir='ltr'><strong>vel</strong></span> <span class='ocrx_word' id='word_1_295' title='bbox 819 3306 880 3349; x_wconf 90' lang='lat' dir='ltr'><strong>cunr</strong></span> <span class='ocrx_word' id='word_1_296' title='bbox 896 3289 1022 3350; x_wconf 84' lang='lat' dir='ltr'><strong>feniculo</strong></span> <span class='ocrx_word' id='word_1_297' title='bbox 1035 3292 1084 3351; x_wconf 89' lang='lat' dir='ltr'><strong>de·</strong></span> 
     </span>
    </p>
   </div>
   <div class='ocr_carea' id='block_1_3' title="bbox 91 3369 1104 3453">
    <p class='ocr_par' dir='ltr' id='par_1_9' title="bbox 91 3369 1104 3453">
     <span class='ocr_line' id='line_1_38' title="bbox 91 3369 1104 3453; baseline 0.007 -29"><span class='ocrx_word' id='word_1_298' title='bbox 91 3377 204 3428; x_wconf 88' lang='lat' dir='ltr'><strong>coctae.</strong></span> <span class='ocrx_word' id='word_1_299' title='bbox 233 3389 368 3432; x_wconf 91' lang='lat' dir='ltr'><strong>mammas</strong></span> <span class='ocrx_word' id='word_1_300' title='bbox 382 3374 460 3451; x_wconf 91' lang='lat' dir='ltr'><strong>ipsas</strong></span> <span class='ocrx_word' id='word_1_301' title='bbox 480 3375 617 3433; x_wconf 89' lang='lat' dir='ltr'><strong>muricum</strong></span> <span class='ocrx_word' id='word_1_302' title='bbox 635 3375 683 3434; x_wconf 86' lang='lat' dir='ltr'><strong>vel</strong></span> <span class='ocrx_word' id='word_1_303' title='bbox 699 3391 844 3453; x_wconf 91' lang='lat' dir='ltr'><strong>purpurae</strong></span> <span class='ocrx_word' id='word_1_304' title='bbox 859 3369 995 3434; x_wconf 85' lang='lat' dir='ltr'><strong>testarum</strong></span> <span class='ocrx_word' id='word_1_305' title='bbox 1012 3374 1083 3434; x_wconf 90' lang='lat' dir='ltr'><strong>ciuis</strong></span> <span class='ocrx_word' id='word_1_306' title='bbox 1101 3426 1104 3431; x_wconf 82' lang='grc'>.</span> 
     </span>
    </p>
   </div>
   <div class='ocr_carea' id='block_1_4' title="bbox 90 3453 1095 3596">
    <p class='ocr_par' dir='ltr' id='par_1_10' title="bbox 90 3453 1095 3596">
     <span class='ocr_line' id='line_1_39' title="bbox 90 3453 1095 3596; baseline 0.002 -88"><span class='ocrx_word' id='word_1_307' title='bbox 90 3466 153 3509; x_wconf 91' lang='lat' dir='ltr'><strong>curn</strong></span> <span class='ocrx_word' id='word_1_308' title='bbox 169 3453 255 3513; x_wconf 89' lang='lat' dir='ltr'><strong>melle</strong></span> <span class='ocrx_word' id='word_1_309' title='bbox 277 3454 435 3516; x_wconf 85' lang='lat' dir='ltr'><strong>efficaciter</strong></span> <span class='ocrx_word' id='word_1_310' title='bbox 452 3465 546 3533; x_wconf 90' lang='lat' dir='ltr'><strong>sanat,</strong></span> <span class='ocrx_word' id='word_1_311' title='bbox 568 3458 635 3517; x_wconf 89' lang='lat' dir='ltr'><strong>item</strong></span> <span class='ocrx_word' id='word_1_312' title='bbox 654 3460 751 3518; x_wconf 89' lang='lat' dir='ltr'><strong>cancri</strong></span> <span class='ocrx_word' id='word_1_313' title='bbox 769 3458 840 3519; x_wconf 89' lang='lat' dir='ltr'><strong>inliti</strong></span> <span class='ocrx_word' id='word_1_314' title='bbox 860 3453 1018 3596; x_wconf 57' lang='lat' dir='ltr'><strong>hprpiatiles</strong></span> <span class='ocrx_word' id='word_1_315' title='bbox 1036 3460 1095 3512; x_wconf 67' lang='lat' dir='ltr'><strong>aet</strong></span> 
     </span>
    </p>
   </div>
   <div class='ocr_carea' id='block_1_5' title="bbox 0 0 1204 3840">
    <p class='ocr_par' dir='ltr' id='par_1_11' title="bbox 0 0 1204 3840">
     <span class='ocr_line' id='line_1_40' title="bbox 0 0 1204 3840; baseline 0 1"><span class='ocrx_word' id='word_1_316' title='bbox 0 0 1204 3840; x_wconf 95' lang='lat' dir='ltr'><strong> </strong></span> 
     </span>
    </p>
   </div>
  </div>
 </body>
</html>
