2400 3840
194 203 560 262 permiscuimus.
579 195 670 279 (118.)
682 209 814 262 -ιη
831 205 857 258 1.
875 204 925 273 (1.)
1015 200 1054 258 67

62 383 154 443 aquae
169 382 273 424 novem
285 363 395 439 cyathis
410 363 446 423 ad
461 382 577 425 menses
590 363 708 424 ciendos
721 363 800 425 dedit
812 373 894 443 potu,
906 383 960 425 nec
975 364 1055 426 dubi-

63 457 140 509 tatnr
162 449 230 525 quin
254 447 404 506 decoctum
430 450 493 508 eius
516 448 699 508 utilissimum
715 450 753 508 sit
768 448 862 508 rolris
884 449 1055 509 interaneis·

62 551 119 610 que
136 529 330 606 exulceratis,
347 532 431 590 sicuti
448 549 548 591 semen
562 530 690 590 articulis
708 539 793 608 atque
813 531 1000 609 praecordiis.
1028 533 1064 591 si·

63 633 136 675 vcro
157 632 219 674 cum
230 613 321 674 malva
337 613 516 692 decoquatur
532 622 636 692 postea
650 613 748 673 addito
764 613 868 692 mulso,
884 623 970 693 potus
986 623 1053 674 ante

38 706 162 763 scotera
176 697 272 757 volvis
287 697 668 775 interaneisque-laudatur,
684 699 792 775 quippe
807 716 870 758 cum
882 715 973 775 vapor
983 715 1053 776 quo·

62 800 119 862 que
128 781 245 841 'decocti
259 780 416 858 plurumum
428 782 532 858 prosit,
550 780 714 856 alarumque
726 782 811 839 etiam
825 781 1053 857 graveolentiam

62 865 213 926 decoctum
235 864 294 923 ieni
317 862 458 922 emendat.
490 864 581 923 iarinn
603 863 770 940 porrigines
794 866 897 942 capitis
913 865 1052 925 furfures-

62 967 118 1030 que
139 948 284 1008 cum'vino
299 955 330 1006 et
343 948 419 1006 uitro
436 946 574 1006 celeriter
589 945 672 1005 tollit.
691 947 721 1005 in
732 945 923 1022 hydromelite
938 955 1033 1008 autem
1046 959 1096 1013 188

62 1032 183 1092 decocta
201 1029 294 1089 addita
311 1031 435 1106 mungia
449 1028 624 1105 genitalibus
641 1027 791 1106 medetur,
807 1033 876 1092 item
891 1049 984 1110 pano,
1005 1050 1054 1110 pa·

29 1115 166 1190 iunctim,
183 1112 351 1191 podagrae,
370 1110 532 1190 chiragrae,
546 1112 674 1173 articulis
696 1115 888 1194 carnibusque
911 1134 985 1193 quae
1007 1136 1053 1176 re·

62 1198 166 1258 cedunt
184 1197 219 1256 ab
239 1197 372 1274 ossibus,
394 1204 477 1257 aceto
496 1213 568 1257 vero
587 1195 705 1256 subacta
723 1195 837 1258 luxatis.
870 1198 998 1258 inlinitur
1023 1209 1064 1258 ec

63 1281 134 1360 lieni
151 1280 272 1340 decocta
286 1281 415 1340 innecto
431 1288 462 1340 et
476 1280 562 1340 melle
579 1288 694 1339 tantum.
726 1284 917 1342 carcinomata
935 1281 1052 1342 subacta

62 1384 99 1424 ex
113 1366 181 1424 vino
199 1371 319 1442 purgat,
340 1379 408 1423 mox
422 1363 518 1424 addito
534 1362 621 1423 melle
636 1371 780 1441 persanat.
811 1367 929 1424 sumitur
945 1373 974 1424 et
990 1382 1052 1424 sor·

62 1447 137 1507 bitio
153 1466 170 1506 e
185 1447 278 1507 iurina
295 1447 330 1506 ad
344 1455 446 1525 pectus
462 1447 658 1508 exulceratum
675 1445 848 1523 longamque
864 1450 974 1516 tussim.
1004 1447 1051 1506 diu

25 1547 48 1586 15
61 1530 234 1608 decoquitur
260 1529 353 1591 donec
384 1530 542 1590 amaritudo
566 1530 695 1605 desinat,
722 1537 826 1607 postea
848 1529 904 1590 mel
931 1530 1042 1590 additur

58 1613 141 1673 Nunc
153 1615 217 1692 ipsa
233 1614 349 1674 claritas
364 1611 517 1673 herbarum
532 1613 652 1674 dicetur.

481 1864 673 1874 ...ᾳ-...-

345 2126 551 2209 cittii
577 2126 811 2212 sudditi

170 2288 556 2425 tironium
596 2296 976 2391 ursronrir

415 2474 738 2540 LIBERXXV.

503 2653 652 2663 u-—u--n

22 2800 47 2842 ao
119 2777 188 2857 Gap.
206 2792 230 2843 1.
251 2780 343 2857 (Sect.
357 2780 398 2859 t.)
430 2777 497 2857 lpsa
513 2796 586 2855 qnae
601 2796 674 2838 nunc
693 2778 805 2839 dicetur
826 2777 978 2839 herbarum
992 2778 1073 2840 cla-1

56 2864 145 2939 ritas,
162 2862 320 2924 medicinae
345 2870 451 2922 tantum
464 2863 605 2939 gignente
628 2880 678 2922 eas
701 2861 825 2938 tellure,
845 2865 874 2922 in
888 2861 1049 2922 admiratio·

57 2964 123 3006 nem
143 2964 229 3006 curae
247 2949 410 3025 priscorum
427 2945 653 3024 diligentiaeque
670 2949 791 3006 animum
806 2947 872 3023 agit.
889 2945 959 3004 nihil
977 2963 1048 3022 ergo

57 3031 256 3108 intemptatum
272 3031 513 3107 inexpertumque
530 3029 588 3089 illis
610 3030 681 3106 fuit,
710 3029 780 3089 nihil
804 3028 906 3091 deinde
925 3028 1048 3089 occulta·

59 3121 116 3171 tum
134 3111 267 3190 quodque
292 3131 350 3172 non
377 3111 520 3190 prodesse
535 3115 663 3189 posteris
683 3112 802 3173 vellent.
833 3121 862 3172 at
880 3131 934 3172 nos
951 3112 1035 3172 elaho

23 3204 121 3264 ³5rata
144 3197 180 3254 iis
202 3195 382 3256 abscondere
404 3203 490 3272 atque
514 3197 694 3272 supprimere
719 3198 847 3273 cupimus
869 3204 898 3255 et
915 3195 1046 3256 iraudare

59 3281 146 3339 vitam
161 3281 248 3338 etiam
260 3278 363 3338 alienis
375 3277 468 3337 honis.
502 3279 541 3336 ita
556 3287 637 3339 certe
655 3279 816 3340 recondunt
831 3280 879 3356 qui
894 3295 984 3356 pauca
1000 3278 1075 3342 ali-2

59 3380 114 3439 qua
129 3379 241 3422 novere
258 3361 421 3422 invidentes
437 3359 517 3436 aliis,
534 3368 564 3420 et
582 3363 724 3422 neminem
744 3362 853 3422 docere
875 3363 904 3421 in
925 3364 1047 3421 auctori·

35 3453 144 3532 ⁸tatem
171 3446 310 3505 scientiae
336 3453 390 3504 est.
429 3451 535 3502 tantum
561 3444 596 3504 ah
619 3444 818 3522 excogitandis
842 3447 929 3504 nouis
952 3463 993 3502 uc
1008 3446 1057 3501 'xu-

831 3526 882 3588 δὴ
