2400 3840
302 212 383 261 nso.
398 211 490 261 mss.
502 210 613 259 xxvsr.
628 209 656 263 a.
670 207 697 263 9.
713 195 863 278 (ss-ss.)
1023 201 1080 262 141

155 369 238 447 (43.)
261 365 526 444 Chrysolacha'nnnr
539 366 568 425 in
581 367 679 444 pineto
694 365 825 427 lactucae
841 365 934 427 616116
945 367 1081 428 nascitur.
1093 377 1128 433 66

92 460 173 514 sanat
188 468 295 511 nervos
312 452 439 527 incisos,
461 452 484 508 si
500 450 652 511 confestim
670 451 831 528 inponatur.
862 458 891 509 et
904 448 973 509 alibi
993 468 1086 527 genus

92 534 313 610 chrysolachani
325 534 455 608 traditur,
471 533 544 593 llore
556 532 750 610 aureo,'loliis
762 531 861 594 oleris.
885 543 1086 594 coctumestur

91 629 122 680 ut
138 619 202 678 olus
215 617 316 678 molle.
344 618 419 678 haec
435 616 526 677 herba
540 615 695 694 adalligata
708 616 838 678 morbum
855 620 966 695 regium
977 615 1085 679 haben·

67 704 168 763 stibus
182 704 221 762 ita
236 710 267 762 ut
286 702 415 782 spectari
437 699 532 760 abhis
549 703 642 779 possit
660 720 765 764 sanare
784 701 814 762 id
835 702 939 763 malum
955 701 1085 762 traditur.

90 787 136 847 De
153 785 382 861 chrysolachano
398 796 454 845 nec
466 785 536 845 satis
552 783 609 845 dici
622 786 685 846 6616
698 803 754 846 666
768 786 851 866 plura
862 787 991 865 reperio,
1005 803 1082 846 nam·
1094 794 1127 850 67

93 869 266 950 66661166
285 870 355 928 vitio
371 867 542 928 laboravere
562 870 694 948 proxumi
715 871 812 949 utique
834 869 960 931 herbarii
979 871 1085 947 nostri,

92 953 170 1032 quod
186 954 258 1032 ipsis
272 963 355 1015 notas
370 953 449 1012 velut
465 951 596 1029 volgaris
611 953 728 1013 strictim
750 962 780 1013 et
797 953 959 1015 nominibus
979 962 1086 1014 tantmn

92 1037 269 1112 indicavere,
284 1047 426 1115 tamqnam
441 1035 566 1112 coagulo
581 1044 676 1096 terrae
694 1037 789 1097 alvom
803 1038 882 1113 sisti,
896 1039 1086 1115 stranguriam

56 1121 231 1197 rodissolvi,
260 1122 285 1180 si
305 1120 418 1181 bibatur
438 1137 475 1179 en
494 1120 562 1178 rino
587 1128 733 1199 6616666.
757 1121 839 1200 (44.)
860 1121 993 1182 oucubali
1012 1121 1129 1186 1611668

90 1205 158 1266 trita
179 1222 241 1266 cum
263 1210 348 1264 aceto
372 1202 550 1281 serpentium
572 1201 676 1262 ictibus
703 1213 732 1263 et
753 1207 940 1283 scorpionum
965 1205 1084 1266 mederi.

92 1287 206 1365 quidam
218 1287 291 1347 hanc
306 1286 364 1346 6116
374 1286 491 1345 666166
506 1293 640 1344 thumum
653 1287 813 1366 appellant,
830 1288 877 1347 alii
888 1287 1000 1349 Graeca
1012 1296 1085 1363 stry·
1117 1284 1124 1295 “

92 1371 206 1444 chnon,
229 1370 330 1429 acinos
351 1367 440 1429 habet
458 1368 569 1444 nigros.
600 1387 637 1428 ex
651 1368 696 1429 his
710 1368 830 1444 cyathus
845 1371 908 1429 suci
925 1388 988 1430 cum
1002 1371 1086 1432 mulsi

91 1452 203 1513 duobus
218 1451 349 1511 medetur
362 1450 482 1526 lumbis,
504 1452 571 1510 item
593 1452 695 1531 capitis
708 1453 804 1514 dolorl
821 1470 884 1513 cum
899 1469 1023 1514 rosaceo
1042 1455 1085 1513 in-

57 1552 82 1594 6
92 1537 182 1611 lusus,
197 1538 259 1615 ipsa
278 1543 404 1595 strumae
416 1534 505 1594 inlita.

154 1620 237 1700 (45.)
260 1618 419 1680 Peculiaris
437 1626 483 1678 est
497 1617 613 1698 Alpinis
626 1636 758 1680 maxume
771 1620 932 1681 fluminibus
947 1619 1128 1684 confercndi

91 1702 237 1783 appellata
252 1721 269 1764 a
281 1702 546 1778 conferuminando,
559 1713 690 1783 spongea
702 1721 839 1782 aquarum
853 1705 978 1766 dulcium
987 1703 1086 1765 verius

91 1805 177 1867 quam
190 1805 305 1848 muscus
321 1797 368 1849 ant
385 1786 492 1863 herba,
511 1786 636 1848 villosae
656 1787 804 1849 densitatis
818 1797 905 1868 atque
927 1788 1085 1849 fistulosae.

93 1880 220 1932 curatum
244 1889 278 1932 ea
296 1873 358 1932 scio
374 1869 505 1932 omnibus
526 1871 591 1930 lare
610 1870 725 1931 ossibus
745 1872 902 1932 confractis
918 1871 1085 1950 prolapsum

55 1979 82 2022 66
93 1973 130 2014 ex
142 1954 249 2015 arbore
261 1955 497 2033 altaputatorem‚
510 1953 685 2014 circumdata
697 1956 832 2015 universo
847 1956 1086 2034 corpori,aquam

91 2055 171 2099 suam
188 2037 430 2117 adspergentibus
450 2037 583 2116 quotiens
597 2039 789 2113 inanesceret,
812 2055 938 2116 raroque
960 2039 1084 2097 6666161

91 2120 274 2181 deiicientem
293 2118 411 2180 herbam
433 2120 596 2180 mutationis
614 2136 701 2181 cansa
722 2120 955 2197 resolventibus,
980 2138 1085 2181 conva-

91 2203 181 2262 luisse
197 2204 247 2263 vix
263 2203 393 2263 credibili
410 2202 569 2264 celeritate.

154 2287 183 2346 9.
206 2287 290 2365 (46.)
312 2284 531 2348 0666666166
549 2285 632 2348 color
646 2288 739 2365 cocci,
754 2288 919 2366 magnitudo
934 2305 1025 2366 grano
1041 2289 1082 2367 pi·
1094 2297 1130 2353 to

57 2371 171 2449 asperis
187 2374 294 2447 maior,
314 2372 359 2431 vis
373 2369 487 2431 ardens.
519 2372 616 2449 itaque
630 2373 658 2431 in
673 2382 752 2450 panc
763 2372 919 2433 devoratur
935 2390 971 2432 66
986 2371 1086 2434 adurat

91 2453 187 2531 gulam
201 2456 331 2515 transitu.
351 2455 396 2514 vis
408 2461 620 2532 praesentanea
634 2462 734 2517 contra
749 2457 881 2532 cicutam,
897 2455 1085 2515 sistitalvom.

157 2537 240 2616 (47.)
262 2536 408 2613 Dipsacos
429 2536 500 2596 lolia
520 2535 609 2596 habet
628 2537 760 2598 lactucae
777 2537 929 2616 bullasque
949 2539 1083 2615 spinosas
1092 2546 1124 2602 tl

91 2622 119 2679 in
135 2619 213 2679 dorsi
226 2618 339 2691 medio,
359 2618 471 2678 caulem
487 2617 570 2677 duum
592 2617 751 2679 cubitorum
768 2619 869 2680 iisdem
889 2621 980 2698 spinis
993 2619 1084 2681 horri-

92 2704 168 2778 dum,
183 2701 317 2778 genicula
330 2702 391 2761 eins
405 2699 479 2761 binis
491 2700 570 2761 loliis
584 2701 825 2780 amplectentibus
835 2719 966 2763 concavo
978 2703 1085 2764 alarum

55 2788 155 2853 ansino
169 2786 198 2844 in
212 2800 270 2864 666
292 2783 422 2845 subsistit
440 2784 617 2845 rossanus.
651 2787 680 2846 in
705 2788 852 2848 cacumine
875 2786 1000 2865 capitula
1022 2796 1087 2847 sunt

91 2870 224 2931 echinata
239 2869 340 2947 spinis.
373 2869 541 2929 nascituris
556 2870 683 2949 aquosis.
714 2879 795 2932 sanat
811 2871 896 2931 rimm
911 2870 1001 2947 sedis,
1017 2871 1085 2931 item

91 2953 202 3013 fistulas
218 2953 341 3012 decocta
366 2953 394 3012 in
416 2953 485 3013 vino
501 2952 599 3014 radice
614 2972 706 3034 66666
724 2954 790 3015 dum
808 2955 845 3014 sit
861 2954 1085 3017 crassitudo'ae·

88 3053 152 3110 rae,
169 3044 199 3095 ut
214 3037 309 3114 possit
323 3037 352 3096 in
369 3037 480 3097 listulas
500 3037 650 3112 collyrium
666 3039 747 3115 mitti,
764 3039 830 3099 item
847 3055 985 3101 verrucas
998 3040 1085 3099 omni·

89 3136 136 3178 um
156 3136 305 3195 generum.
334 3120 447 3197 quidam
468 3128 498 3180 et
517 3120 626 3182 alarum
648 3139 719 3201 quas
735 3140 824 3201 snpra
844 3121 965 3182 diximus
986 3140 1085 3182 sucum

55 3202 211 3265 ssinlinunt
223 3203 279 3262 his.
817 3277 825 3290 ι

155 3285 239 3366 (48.)
260 3286 436 3366 Dryopteris
453 3289 551 3353 1611616
573 3287 671 3349 6161116
697 3287 727 3347 16
756 3286 909 3349 arboribus
944 3287 1082 3364 nascitur,
1094 3297 1128 3354 76

92 3371 170 3429 tenui
190 3371 327 3431 loliorum
349 3370 529 3432 subdulcium
547 3372 688 3447 incisura,
711 3371 810 3434 radice
830 3371 949 3433 hirsuta.
990 3372 1036 3430 vis
1059 3373 1085 3431 ei

93 3455 220 3515 cannuca
234 3462 296 3530 ast,
316 3453 385 3515 ideo
402 3455 552 3534 psilotrum
575 3453 721 3515 estradis
741 3464 846 3533 tunsa,
864 3455 995 3515 inlinitur
1018 3456 1107 3508 66166
