2400 3840
125 199 166 256 42
474 208 505 257 (l.
524 208 620 257 runai
633 206 784 262 SECUNDI

119 363 256 426 cinctis
273 363 404 422 medetur
419 370 449 422 et
463 363 569 423 attritis
584 361 714 440 partibus
730 362 794 421 sive
812 361 880 422 oleo
896 380 913 420 e
928 361 1038 421 semine
1055 361 1119 420 eius

119 449 198 509 lacto
215 463 361 524 ceraeque
375 447 466 505 mixte
475 486 485 521 ,
501 446 564 505 siue
579 444 658 504 loliis
676 463 715 505 ex
729 444 797 504 oleo
813 444 956 521 decoctis,
975 445 1040 505 sive
1055 461 1119 504 eum

121 549 194 609 aqua
209 529 304 590 virilia
313 530 475 590 foveantur.
507 529 568 588 scio
583 527 784 589 Democratem
804 527 944 589 medicum
964 530 993 588 in
1017 527 1119 587 velitn-

119 614 187 674 diue
202 612 357 674 Considiae
371 609 409 671 lll.
425 609 531 673 Seruili
547 611 707 673 consularis
721 611 797 672 filiae
813 628 926 671 omnem
940 611 1119 675 curationem

122 706 266 758 austeram
283 696 445 756 recusantis
457 694 505 755 diu
520 694 679 756 minaciter
693 714 774 757 usum
788 694 863 755 lacte
878 712 1027 773 caprarum
1047 711 1145 772 quase

120 780 245 842 lentisco
260 778 407 858 pascebat.

78 876 111 927 ta
175 865 203 926 8.
227 862 309 941 (29.)
332 861 442 923 Platani
458 861 647 923 adversantur
663 862 933 940 vespertilionibus,
948 859 1055 940 pilulae
1071 879 1118 923 ea·

119 965 181 1007 rum
195 948 226 1006 in
242 947 310 1006 vino
326 953 414 1024 potae
436 944 619 1006 denariorum
632 959 688 1007 1111
705 944 834 1024 pendere
853 945 984 1006 omnibus
997 963 1119 1023 serpen·

120 1033 189 1090 tium
212 1037 243 1090 et
267 1031 452 1107 scorpionum
472 1030 614 1105 venenis,
634 1032 703 1089 item
720 1030 867 1091 ambustis.
899 1037 999 1090 tunsae
1022 1037 1118 1089 autem

49 1154 51 1158 ,
119 1131 182 1172 eum
197 1120 281 1173 aceto
297 1114 355 1172 acri
367 1114 516 1191 magisque
532 1111 639 1173 scillite
653 1115 822 1191 sanguinem
838 1129 950 1174 emnem
966 1113 1072 1173 sistunt
1087 1120 1117 1174 et
1128 1142 1152 1185 ω

120 1195 288 1273 lentiginem
301 1204 331 1257 et
346 1198 536 1256 carcinomata
550 1195 778 1274 malandriasque
790 1205 908 1257 veteres
921 1195 1017 1255 adalim
1029 1195 1117 1255 melle

76 1290 111 1345 45
123 1280 283 1340 emendant.
314 1278 385 1340 lolia
400 1288 495 1342 autem
509 1287 538 1340 et
552 1290 656 1341 cortex
669 1279 826 1343 inlinuntur
846 1278 1070 1341 collectionibus
1087 1287 1117 1341 et

120 1365 390 1442 suppurationibus,
408 1371 438 1424 et
453 1364 603 1426 decoctum
618 1381 735 1441 eorum,
750 1365 868 1424 corticis
882 1370 977 1425 autem
987 1363 1017 1422 in
1031 1371 1116 1423 aceto

119 1447 245 1508 dentium
259 1447 416 1509 remedium
432 1456 496 1524 est,
510 1446 646 1508 loliorum
663 1449 818 1508 tenerrima
838 1448 867 1506 in
893 1447 961 1507 uino
981 1444 1048 1506 albo
1067 1446 1118 1509 do·

118 1539 202 1591 cocta
219 1530 375 1592 oculorum.
391 1531 510 1608 lanugo
529 1531 664 1593 foliorum
686 1540 716 1591 et
739 1531 854 1592 auribus
875 1538 906 1590 et
926 1528 1017 1590 oculis
1032 1529 1151 1600 inuti-15

118 1612 163 1673 lis.
196 1616 267 1674 ciuis
282 1614 433 1692 pilularum
447 1623 529 1674 sanat
542 1615 671 1675 ambusta
691 1616 750 1692 igni
766 1613 814 1674 vel
829 1613 949 1690 frigere.
978 1621 1083 1674 cortex
1098 1631 1116 1672 e

118 1698 187 1757 vino
203 1698 389 1775 scorpionum
402 1698 476 1757 ictus
491 1698 655 1776 restinguit.

77 1792 111 1847 46
186 1779 268 1859 (30.)
303 1779 444 1839 Fraxinus
472 1797 554 1858 quam
581 1782 638 1839 vim
658 1779 797 1839 adversus
823 1782 970 1859 serpentis
994 1779 1117 1841 baberet

80 1881 141 1923 ran
163 1864 356 1924 indicavimus.
387 1880 489 1924 semen
504 1863 584 1925 loliis
599 1866 662 1925 eius
673 1865 767 1941 inest,
783 1881 857 1942 quae
877 1863 1028 1924 medentur
1045 1864 1116 1922 ioci-

23 1955 24 1959 ’
121 1950 217 2024 neris,
245 1945 368 2006 laterum
388 1945 540 2007 doloribus
560 1951 591 2008 iu
612 1949 698 2024 vino,
721 1964 821 2026 aquam
842 1965 917 2025 qnae
929 1945 1006 2008 subit
1021 1953 1151 2014 cntemn

120 2032 280 2092 extrabant.
313 2047 420 2110 corpus
448 2031 571 2091 obesum
591 2032 690 2093 leuant
710 2048 802 2093 onere
825 2033 932 2092 sensim
947 2029 982 2091 ad
996 2030 1117 2090 maciem

120 2114 307 2192 reducenda,
330 2114 433 2174 iisdem
454 2114 534 2175 foliis
561 2134 624 2176 cnm
648 2117 716 2176 vino
732 2117 808 2175 tritis
830 2114 866 2175 ad
882 2115 985 2174 virium
1006 2114 1117 2192 portio-

120 2216 201 2272 nem,
218 2200 257 2257 ita
269 2206 299 2255 ut
315 2215 410 2276 puero
427 2199 552 2276 quinque
567 2198 637 2259 lolia
652 2198 743 2258 tribus
759 2196 870 2273 cyathis
885 2196 1044 2275 diluantur,
1069 2213 1117 2257 ro·

119 2279 298 2339 bustioribus
325 2289 439 2359 septem
465 2280 535 2341 lolia
560 2283 654 2359 quinis
677 2282 745 2341 uini.
780 2299 838 2342 nnn
863 2280 1050 2342 omittendum
1072 2298 1117 2341 ra·

119 2372 215 2422 menta
230 2365 292 2423 eius
308 2372 338 2422 et
358 2364 478 2424 scobem
491 2381 508 2424 a
529 2365 696 2442 quibusdam
711 2365 838 2425 cavenda
853 2364 990 2444 praedici.
1125 2389 1152 2430 aa

182 2446 263 2526 (31.)
291 2447 396 2508 deeris
418 2447 501 2508 radix
524 2457 664 2510 contunsa
682 2449 784 2510 enine
809 2450 947 2511 iocineris
963 2447 1114 2508 doloribus

121 2530 323 2590 efficacissime
338 2533 493 2608 inponitur.

77 2623 124 2677 47-
186 2613 267 2695 (32.)
295 2613 398 2693 Populi
414 2615 498 2676 albae
513 2635 630 2676 uvarum
651 2619 679 2677 in
697 2618 851 2692 ungnentis
877 2634 958 2677 usum
981 2617 1117 2693 exposui·

78 2693 151 2736 ¹²·¹³²
161 2716 232 2759 mus.
263 2707 368 2760 cortex
381 2708 468 2778 petus
480 2699 654 2776 ischiadicis,
666 2701 849 2777 stranguriae
869 2699 1007 2779 prodest,
1030 2696 1116 2759 lolio·

119 2798 182 2840 rum
197 2798 282 2842 sucus
298 2781 406 2842 calidus
422 2785 530 2841 aurium
548 2782 652 2843 dolori.
684 2785 795 2860 uirgam
809 2782 909 2862 populi
928 2784 1055 2843 iamenu
1074 2790 1151 2846 teeo

119 2863 255 2923 uentibus
278 2865 434 2940 intertrigo
457 2883 516 2924 non
536 2873 688 2928 metuatur.
718 2867 844 2946 populus
867 2867 950 2944 nigra
976 2866 1116 2927 eliieacis·

118 2948 189 3006 sima
214 2946 336 3008 habetur
350 2965 423 3025 quae
442 2949 471 3008 in
486 2945 573 3009 Grata
590 2951 732 3026 nascitur,
753 2949 945 3010 comitialibus
964 2965 1065 3009 semen
1077 2967 1117 3008 ax

119 3038 212 3090 aceto.
243 3030 334 3090 tundit
349 3030 398 3092 illa
413 3039 444 3091 et
461 3033 586 3094 resinam
601 3035 751 3110 exiguam,
767 3051 823 3111 qua
843 3041 963 3094 utuntur
978 3032 1014 3092 ad
1030 3031 1116 3092 mala·

118 3122 221 3189 gmata.
251 3112 322 3173 lolia
340 3114 477 3192 podagris
494 3117 523 3175 in
538 3124 622 3178 aceto
644 3117 766 3178 decocta
781 3120 963 3196 inponuntur.
993 3133 1075 3175 umor
1097 3133 1115 3174 e

120 3196 198 3257 cauis
214 3196 315 3276 populi
339 3199 440 3275 nigrae
466 3199 588 3261 effluens
607 3218 744 3269 verrucas
760 3199 937 3278 papulasque
961 3217 1000 3261 cx
1014 3201 1148 3269 attritnas

119 3281 240 3341 obortas
255 3280 340 3341 tellit.
379 3283 478 3360 populi
496 3284 592 3344 lerunt
608 3292 638 3345 et
652 3285 682 3345 in
692 3283 772 3345 loliis
785 3291 895 3360 guttam
911 3301 950 3345 ex
965 3299 1020 3360 qua
1042 3299 1113 3360 apes

119 3363 264 3506 ppppolim
282 3365 396 3426 iaciunt.
427 3375 508 3446 gutta
531 3384 648 3445 qnoque
668 3366 792 3445 adquae
814 3365 948 3444 propolis
969 3383 1009 3427 cx
1041 3382 1115 3443 aqua

118 3466 135 3506 e
170 3465 231 3507 ean
