2400 3840
274 207 355 255 usn.
378 206 469 255 urar.
493 205 714 260 xxm11-1a.
737 195 891 274 (uo—aa.)
1045 197 1086 260 93

92 363 167 424 chia.
203 359 404 436 l'bryselinum
428 368 544 422 estnon
559 360 697 420 dissimile
712 362 789 440 apio.
827 362 910 422 huius
921 361 1002 422 radix
1019 379 1085 422 con·

91 445 261 505 manducata
277 454 380 524 purgat
397 445 500 523 capitis
514 445 639 524 pituitas.

158 527 206 588 12.
238 527 320 606 (91.)
350 528 505 588 Oculorum
537 529 629 589 aciem
655 531 802 589 centaurio
831 531 940 589 maiore
967 536 1067 608 putant
1078 537 1129 591 142

91 613 237 686 adiuvari,
259 612 283 670 si
299 610 392 672 addita
410 630 482 691 aqua
502 612 669 687 foveantur,
695 630 767 672 suco
787 630 858 672 varo
882 614 999 673 minoris
1023 630 1087 671 oum

66 696 179 757 amella
196 695 315 771 culices,
333 694 501 772 nubeculas,
516 694 709 756 obscuritates
725 696 844 773 discuti,
867 697 1018 757 cicatrices
1036 715 1085 754 err-

91 779 213 855 teauari,
230 777 384 855 albugines
400 779 513 857 quidam
527 780 612 838 etiam
627 781 816 840 iumentorum
833 779 990 840 sideritide.
1022 797 1087 838 nam

93 863 256 924 chelidonia
276 879 363 940 supra
379 862 463 922 dictis
477 863 609 922 omnihus
622 865 693 923 mire
707 863 846 924 medetur.
879 863 998 924 Panacis
1012 861 1086 923 radi·

92 964 156 1006 cem
173 964 237 1006 cum
253 945 372 1024 polenta
388 945 538 1026 epiphoris
560 948 707 1023 inponunt.
736 947 905 1023 hyoscyami
925 965 1025 1007 seman
1045 945 1086 1006 bi·

91 1031 162 1090 bunt
178 1028 282 1104 obolo,
307 1029 469 1089 tantundem
485 1031 599 1088 meconi
616 1029 775 1091 adicientes
792 1032 943 1110 vinumque
965 1031 1000 1091 ad
1025 1030 1085 1109 epi·

57 1130 83 1172 ro
93 1114 202 1193 phoras
233 1111 411 1173 inhibendas.
455 1115 593 1190 inungunt
622 1123 652 1173 et
680 1114 838 1175 Gentianae
868 1133 967 1175 sucum
1003 1130 1088 1191 quem

96 1196 228 1271 collyriis
244 1213 360 1275 quoque
375 1196 535 1257 acrioribus
550 1214 603 1275 pro
621 1198 753 1258 meconio
768 1199 899 1257 miscent.
923 1198 992 1258 iacit
1008 1197 1130 1261 cla-143

91 1283 205 1341 ritatem
223 1289 252 1338 et
266 1279 474 1359 Euphorbeum
486 1281 620 1340 inunctis.
648 1280 801 1340 instillatur
814 1281 988 1358 plantaginis
1001 1298 1087 1340 sucus

91 1362 265 1441 lippitudini.
310 1363 452 1440 caligines
467 1363 655 1423 aristolochia
670 1362 801 1440 discutit,
824 1363 913 1423 iberis
928 1363 1086 1440 adalligata

92 1447 188 1525 capiti.
212 1447 438 1525 quinquefolium
454 1444 611 1525 epiphoras
627 1456 655 1506 at
670 1449 695 1508 si
710 1466 766 1526 qua
782 1448 809 1506 iu
828 1447 921 1508 oculis
938 1447 1004 1506 vitia
1022 1454 1087 1506 sunt

57 1547 82 1588 aa
92 1529 234 1590 emendat.
263 1532 434 1592 verbascum
451 1529 603 1611 epiphoris
616 1531 772 1608 inponitur,
788 1532 969 1610 peristereos
987 1548 1025 1589 ex
1040 1546 1086 1588 ro·

91 1630 180 1675 saceo
197 1612 245 1672 vel
261 1623 356 1674 aceto.
392 1614 428 1674 ad
448 1612 626 1692 hypochysis
643 1623 672 1674 et
688 1615 841 1692 caliginem
857 1615 1038 1691 cyclaminou
1058 1614 1088 1671 in

90 1696 226 1776 pastillos
241 1696 362 1774 diluunt,
379 1697 540 1778 peucedani
554 1714 664 1776 sucum,
680 1708 709 1758 ut
721 1699 854 1774 diximus,
873 1699 909 1759 ad
922 1697 1081 1759 claritatem
1095 1717 1129 1752 nr

91 1791 121 1841 et
138 1780 278 1857 caligines
294 1798 356 1841 cum
371 1783 505 1841 menonio
521 1790 550 1840 et
564 1798 698 1842 rosaceo.
726 1780 852 1861 psyllion
874 1782 983 1842 inlitum
999 1781 1087 1841 fronti

91 1863 248 1943 epiphoras
262 1864 423 1943 suspendit.

55 1965 83 2005 ao
158 1946 205 2008 13.
230 1947 314 2026 (92.)
335 1947 505 2024 Anagallida
521 1947 608 2025 aliqui
626 1948 789 2008 corchoron
803 1957 919 2008 vocant.
944 1949 1130 2027 daege-144

91 2048 162 2090 nera
178 2031 256 2090 eius:
272 2049 333 2090 mas
348 2031 422 2090 llorc
439 2031 612 2109 phoeniceo,
630 2031 735 2092 femina
752 2031 907 2107 caeruleo,
931 2049 988 2091 non
1004 2033 1087 2094 altio·

90 2131 139 2173 res
156 2113 269 2192 palmo,
292 2114 396 2174 lruticc
410 2123 530 2193 teucro,
552 2114 632 2175 loliis
654 2115 767 2194 pusillis
787 2114 931 2191 rotundis,
960 2118 1087 2175 interra

91 2197 261 2256 iacentibus.
296 2205 452 2257 nascuntur
467 2199 495 2257 in
511 2198 602 2258 hortis
616 2207 645 2258 et
661 2200 788 2277 aquosis.
825 2200 906 2278 prior
920 2198 1006 2260 durat
1022 2217 1086 2261 oae-

91 2278 183 2340 rulea.
229 2281 378 2359 utriusque
408 2299 494 2341 sucus
520 2282 669 2343 oculorum
698 2283 850 2361 caliginem
876 2281 992 2344 discutit
1023 2301 1086 2344 cum

55 2361 178 2423 numella
199 2371 228 2423 et
249 2381 287 2423 ex
312 2365 370 2424 ictu
388 2381 519 2425 cruorem
534 2373 564 2424 et
578 2382 693 2442 argema
710 2366 833 2441 rubens,
849 2367 941 2443 magis
958 2384 1022 2426 cum
1036 2366 1087 2426 At·
1183 2406 1186 2410 -

90 2447 150 2506 tico
165 2445 254 2506 melle
269 2448 400 2507 inunctis.
433 2448 558 2526 pupillas
575 2448 688 2523 dilatat,
710 2457 739 2508 et
760 2448 826 2509 ideo
844 2449 900 2508 hac
914 2451 1088 2526 inunguntur

91 2538 157 2589 ante
173 2528 276 2607 quibus
292 2532 491 2606 paracentesis
507 2531 547 2590 lit.
577 2532 767 2591 iumentorum
782 2547 897 2609 quoque
920 2533 1014 2592 oculis
1029 2550 1087 2591 ma·

91 2613 203 2672 dentur.
234 2629 321 2670 sucus
340 2621 427 2691 caput
442 2620 547 2690 purgat
560 2629 616 2690 per
631 2613 708 2671 naris
728 2614 856 2688 inlusus,
878 2615 917 2674 ita
937 2622 968 2673 ut
983 2613 1087 2674 deindo

89 2697 159 2755 vino
176 2693 335 2754 conluatur.
370 2693 475 2754 bibitur
499 2703 529 2754 et
557 2704 656 2755 contra
680 2699 782 2772 anguis
804 2698 868 2755 suci
894 2697 1030 2758 drachma
1057 2699 1086 2756 in

56 2780 173 2842 savino.
202 2778 302 2837 mirum
320 2777 397 2856 quod
412 2778 544 2839 laminam
561 2795 671 2857 peoora
686 2779 777 2840 vitant
797 2789 862 2855 aut,
896 2782 920 2839 si
941 2781 1065 2859 decepta
1078 2793 1129 2846 145

91 2861 274 2921 similitudine
286 2896 328 2907 -
339 2862 412 2922 llore
420 2863 494 2922 enim
506 2871 611 2922 tantum
619 2863 983 2945 distant—degustavere,
993 2867 1086 2925 statim

91 2963 155 3005 eam
169 2962 243 3023 quaa
265 2945 345 3020 asyla
365 2946 528 3026 appellatur
548 2947 577 3005 in
597 2946 723 3007 remedia
748 2956 897 3026 quaerunt.
933 2968 950 3008 a
979 2952 1087 3009 uostris

91 3029 171 3088 ierus
187 3027 289 3089 oculus
305 3039 434 3090 vocatur.
467 3031 649 3110 praecipiunt
665 3031 752 3109 aliqui
769 3031 918 3092 ellossuris
934 3041 1000 3093 ante
1016 3032 1088 3092 solla

92 3120 200 3186 ortum,
226 3113 390 3190 priusquam
407 3115 559 3192 quicquam
573 3111 650 3174 aliud
667 3114 836 3193 loquantur,
861 3116 986 3175 salutare
1012 3120 1095 3188 eam,

56 3214 81 3256 aa
94 3195 235 3256 sublatam
252 3197 431 3273 exprimere,
452 3200 491 3257 ita
506 3199 677 3279 praecipuas
692 3215 760 3258 essa
779 3200 858 3258 viris.
895 3198 940 3258 De
954 3197 1086 3276 Euphor·

90 3278 163 3339 beae
179 3295 251 3339 suco
268 3281 337 3340 satis
353 3279 458 3339 dictum
476 3291 530 3340 est.
575 3281 746 3359 lippitudini,
764 3282 788 3339 si
802 3291 896 3341 tumor
912 3281 976 3357 erit,
991 3279 1084 3340 absin·
1106 3300 1130 3334 n

91 3361 178 3423 thium
195 3379 258 3421 cum
276 3361 363 3423 melle
379 3363 484 3440 tritum,
502 3365 568 3423 item
584 3365 756 3425 vettonicae
771 3363 862 3423 farina
879 3364 1042 3423 conveniet.

155 3444 238 3525 (93.)
268 3445 430 3525 hegilopaa
452 3457 532 3507 sanat
557 3446 648 3510 herba
674 3448 779 3510 codam
805 3449 924 3507 nomine
945 3463 1028 3522 qnae
1043 3447 1153 3503 innan
