2400 3840
329 192 409 240 una.
425 190 517 239 utcu.
535 191 615 238 xxv.
630 185 655 238 3.
667 187 692 238 4.
712 178 846 258 (7-14.)
1042 181 1081 242 73

148 347 210 425 (9.)
231 344 278 404 Ab
298 363 333 406 ea
349 363 479 407 maxuma
493 347 651 406 auctoritas
668 344 779 406 herbae
796 353 842 404 est
856 361 938 423 quam
955 345 1078 407 dodeca·
1091 358 1126 412 18

87 430 178 490 theon
192 437 299 488 vocant
315 430 440 489 omnium
454 429 574 491 deorum
588 431 769 489 maiestatem
786 428 1027 490 commendantes.
1053 431 1083 489 in

88 531 160 592 aqua
173 521 270 590 potam
281 511 413 573 omnibus
424 513 534 574 morbis
546 512 656 573 mederi
670 511 791 572 tradunt.
809 511 880 573 folia
892 514 955 573 eius
968 522 1082 592 septem

87 597 209 657 lactucis
228 596 371 656 simillima
388 605 498 657 exeunt
512 613 529 657 a
544 596 624 656 lutea
643 596 749 656 radice.

65 701 77 741 c
149 679 233 758 (to.)
247 677 453 740 vetustissima
465 683 585 740 inventu
596 678 724 740 Paeonia
735 687 793 756 est,
806 694 970 756 nomenque
982 688 1080 740 aucto·
1091 692 1126 745 29

87 765 128 825 ris
144 764 270 838 retinet,
286 781 369 840 quam
384 763 497 841 quidam
510 757 699 842 pentorobon
713 762 878 841 appellant,
894 763 941 822 ulii
957 762 1083 840 glycysi-

88 847 153 907 den.
177 864 241 905 nam
256 845 328 906 haec
343 864 460 926 quoque
475 845 630 907 difficultas
647 855 693 906 cst
708 846 786 924 quod
798 845 899 906 eadem
910 846 996 906 aliter
1013 846 1083 907 alibi

89 937 275 1008 nuncupatur.
306 931 435 990 nascitur
451 931 550 1010 opacis
566 931 716 990 montibus
731 929 815 990 caule
832 931 910 990 inter
926 930 997 990 lolia
1012 929 1084 1008 digi-

90 1022 184 1073 torum
205 1020 340 1090 quattuor
368 1013 483 1074 ferente
508 1015 538 1073 in
560 1015 706 1073 cacumine
729 1012 821 1073 veluti
845 1011 971 1074 Graecas
995 1031 1084 1074 nuces

57 1115 80 1157 to
91 1104 227 1174 quattuor
247 1104 296 1155 aut
313 1098 447 1175 quinque.
483 1099 560 1157 inest
584 1096 628 1156 his
655 1115 755 1157 semen
777 1099 947 1175 copiosum,
968 1097 1086 1156 rubrum

89 1182 267 1275 nigrumque.
297 1179 370 1240 haec
386 1180 519 1241 medetur
540 1188 570 1240 ct
586 1179 749 1239 Faunorum
770 1182 800 1239 in
817 1182 916 1258 quiete
940 1179 1082 1241 ludibriis.

88 1264 272 1342 praecipiunt
294 1281 400 1324 eruere
418 1273 516 1340 noctu,
537 1265 681 1342 quoniam,
700 1265 724 1323 si
740 1264 824 1341 picus
839 1261 959 1323 llartius
977 1263 1083 1341 videat,

91 1346 198 1407 tuendo
214 1347 244 1405 in
259 1346 361 1407 oculos
375 1349 512 1426 impetum
527 1347 621 1407 iaciat.

154 1430 236 1509 (11.)
261 1429 390 1491 Panaces
414 1433 481 1510 ipso
500 1431 615 1490 nomine
633 1431 757 1489 omnium
772 1429 939 1489 morborum
953 1429 1128 1494 remedia30

57 1531 81 1573 aa
91 1515 245 1593 promittit,
260 1531 445 1575 numerosum
463 1522 493 1574 et
507 1514 551 1573 dis
565 1513 767 1574 inventoribus
786 1512 968 1592 adscriptum.
1000 1529 1085 1572 unum

91 1599 200 1676 quippe
220 1596 383 1677 Asclepion
407 1599 637 1675 cognominatur,
660 1614 676 1656 a
698 1614 756 1675 que
780 1597 806 1656 is
828 1595 914 1656 liliam
935 1594 1085 1656 Panaciam

91 1681 257 1761 appellavit.
277 1698 362 1742 sucus
375 1690 422 1742 est
432 1688 550 1741 coactus
562 1679 675 1741 ferulae
686 1680 800 1759 qualem
811 1679 932 1740 dixlmus
945 1679 1042 1740 radice
1056 1699 1084 1741 rs,
1093 1701 1127 1735 nr

89 1764 170 1824 multi
194 1765 312 1824 corticis
334 1773 365 1824 et
389 1765 467 1825 salsi.
512 1764 565 1824 hac
587 1763 689 1824 evolsa
708 1763 844 1824 scrobem
870 1762 980 1843 repleri
1003 1765 1085 1823 vario

92 1865 204 1926 genere
219 1847 333 1924 frugum
347 1848 453 1926 religio
470 1855 516 1909 est
533 1865 568 1907 ac
584 1855 680 1907 terrae
696 1848 879 1924 piamentum.
901 1847 950 1906 ruhi
967 1855 997 1906 et
1011 1863 1083 1925 quo·
1093 1859 1126 1914 31

56 1948 156 1991 aonam
176 1930 262 1990 lieret
281 1931 367 1991 modo
388 1941 419 1992 et
440 1931 525 2010 quale
550 1948 680 1990 maxume
702 1930 878 2009 probaretur
901 1930 977 1989 inter
1000 1946 1084 2008 pere·

91 2016 174 2092 grina
189 2012 345 2074 docuimus.
376 2015 405 2074 id
422 2015 499 2094 quod
516 2012 715 2074 ellaccdonia
736 2013 866 2073 adfertur
885 2012 1041 2073 bucolicon
1054 2034 1127 2075 aare

93 2105 197 2157 vocant
210 2099 390 2158 armentariis
406 2104 512 2176 sponte
526 2104 724 2174 erumpentem
738 2113 837 2157 sucum
852 2096 1083 2175 excipientibus;

91 2180 149 2242 hoc
164 2179 319 2241 celerrime
335 2183 493 2241 evanescit.
529 2188 560 2240 et
574 2179 604 2240 in
620 2179 686 2240 aliis
701 2187 796 2240 autem
811 2179 970 2257 generibus
986 2181 1085 2257 inpro-

92 2263 177 2325 batur
191 2281 321 2324 maxume
336 2266 448 2343 nigrum
463 2282 497 2325 ac
510 2263 607 2324 molle.
630 2263 660 2322 id
676 2263 751 2323 enim
767 2271 937 2341 argumento
955 2271 1002 2323 est
1017 2281 1085 2324 cera

57 2365 84 2406 au
93 2347 257 2408 adulterati.

154 2431 236 2510 (12.)
259 2430 390 2492 Alterum
418 2450 511 2511 genus
532 2430 697 2491 Heracleon
719 2436 826 2490 vocant
846 2438 877 2489 et
897 2430 933 2489 ab
956 2428 1082 2490 Hercule
1093 2442 1127 2495 32

93 2519 242 2576 inventum
258 2514 389 2591 tradunt,
415 2514 464 2575 alii
482 2515 631 2591 origanum
646 2512 894 2590 Heracleoticum,
913 2515 982 2571 item
998 2510 1085 2571 silve·

95 2607 167 2675 stre,
183 2599 317 2674 quoniam
333 2607 379 2659 est
395 2600 516 2676 origano
534 2597 640 2672 simile,
659 2595 883 2671 radiceinutili,
900 2594 1010 2672 dequo
1027 2596 1083 2653 ori·

94 2697 170 2760 gano
187 2681 316 2741 diximus.
425 2729 427 2734 ,
1055 2698 1128 2741 marn

58 2779 85 2822 so
159 2763 240 2843 (13.)
260 2763 390 2825 Tertium
411 2780 536 2842 panaces
561 2760 727 2823 Chironium
747 2762 965 2841 cognominatur
986 2760 1021 2822 ab
1044 2763 1085 2821 in·

95 2854 228 2908 ventore.
263 2848 364 2908 lolium
393 2849 456 2908 eins
482 2846 576 2907 simile
598 2846 726 2924 lapatho,
749 2847 839 2905 maius
859 2853 954 2905 tamen
975 2853 1006 2905 et
1029 2845 1085 2905 hir-

95 2933 198 3007 sutius,
223 2930 277 2990 dos
300 2949 416 3007 aureus,
437 2930 521 2990 radix
545 2947 641 3009 parva.
679 2931 806 2989 nascitur
824 2928 979 3009 pinguibus
1001 2928 1083 2990 locis.

95 3012 179 3073 huius
203 3011 258 3074 dos
283 3014 511 3091 efficacissimus,
536 3030 633 3093 eoque
652 3012 772 3092 amplius
797 3028 881 3090 quam
902 3030 989 3091 supra
1011 3013 1085 3073 dicta

116 3097 227 3157 rodest.

59 3114 115 3240 asp
160 3181 242 3259 (14.)
264 3178 402 3252 Quartum
413 3198 519 3258 genus,
533 3197 657 3259 panaces
674 3180 709 3239 ab
725 3178 828 3239 eodem
842 3175 968 3238 Chirone
983 3196 1083 3256 reper-
1094 3188 1129 3242 33

96 3272 165 3340 tum,
184 3266 353 3325 centaurion
368 3265 598 3343 cognominatur,
618 3263 671 3323 sed
686 3271 718 3322 et
732 3261 910 3322 Pharnacion
927 3263 955 3320 in
969 3269 1086 3321 centro·

96 3349 194 3408 versia
211 3349 387 3408 inventionis
403 3343 419 3407 a
434 3345 581 3406 Pharnace
602 3363 675 3423 rege
696 3345 860 3406 deductum.
890 3346 998 3403 seritur
1018 3342 1085 3419 hoc,

96 3429 280 3509 longioribus
300 3448 383 3509 quam
398 3439 497 3491 cetera
512 3428 594 3490 foliis
612 3438 643 3489 et
664 3429 794 3490 serratis.
825 3426 914 3487 radix
926 3426 1109 3485 eaerum
