2400 3840
117 196 158 255 46
455 206 485 254 c.
501 207 597 254 eursu
616 205 767 254 snouunr

119 378 216 421 sucum
232 359 298 420 daut
314 359 478 420 ischiadicis
493 361 592 420 utilem
609 361 703 437 cyathi
719 363 803 422 unius
818 368 898 439 potu.
932 361 1044 437 quidam
1057 377 1129 421 ma·v

118 445 180 503 rina
195 460 268 522 aqua
283 461 432 504 macerare
447 443 554 504 malunt
570 452 601 504 et
618 445 770 504 infundere
781 445 919 521 clystere.
950 461 1115 521 perungun-

118 534 163 587 tur
181 527 284 586 eodem
299 543 369 586 suco
383 526 530 586 ischiadici
546 527 643 588 addito
658 528 734 588 oleo.
757 529 870 607 quidam
885 537 916 588 et
929 526 965 587 ad
982 536 1114 605 strangu·

119 612 189 668 riam
206 617 322 668 utuntur
337 611 456 670 semiue.
485 611 600 688 genista
616 620 697 670 tunsa
720 629 782 671 curn
803 613 926 688 axungia
949 628 1044 687 genua
1063 611 1114 670 do·

119 691 208 752 leutia
227 701 315 752 sanat.
1125 716 1138 756 a

78 784 110 840 di
183 777 264 855 (41.)
291 775 422 852 llyricen
443 779 498 837 iam
519 781 625 838 ericam
643 787 728 839 vocat
751 778 883 839 Lenaeus
904 777 1026 838 similem
1049 794 1114 837 seo·

119 861 164 937 pis
181 859 343 936 Amerinis,
366 863 461 921 sanari
492 860 560 921 dicit
582 880 617 922 ea
638 864 828 922 carcinomata
849 865 878 921 in
903 864 971 921 vino
992 859 1113 920 decocta

120 944 245 1021 tritaque
262 960 325 1003 cum
339 941 426 1004 melle
440 943 529 1004 inlita.
541 945 716 1006 -eandem
732 964 800 1006 esse
816 946 990 1005 arbitrantur
1002 943 1114 1020 quidam

119 1027 273 1086 tamaricen
284 1058 327 1072 -
336 1069 345 1102 ,
365 1026 417 1086 sed
429 1027 464 1087 ad
480 1026 587 1089 lienem
597 1031 752 1107 praecipua
771 1038 832 1106 est,
848 1031 872 1088 si
889 1047 973 1089 sucus
987 1029 1049 1086 eius
1063 1045 1114 1086 ex-

119 1127 239 1188 pressus
257 1112 287 1168 iu
302 1112 369 1168 vino
386 1110 509 1171 bibatur.
542 1111 674 1189 adeoque
689 1112 849 1173 mirabilem
862 1115 925 1172 eius
938 1109 1113 1189 antipathian
1123 1125 1148 1166 ro

120 1201 219 1252 contra
236 1193 328 1253 solum
342 1194 398 1253 hoc
418 1197 563 1254 viscerum
582 1197 706 1273 iaciunt,
730 1208 762 1255 ut
781 1196 947 1271 adfirment,
971 1196 995 1254 si
1018 1212 1057 1253 ex
1078 1212 1113 1253 ea

77 1286 112 1340 68
123 1275 215 1335 alveis
233 1277 316 1336 lactis
331 1277 447 1354 bibant,
462 1297 530 1339 sues
547 1281 609 1339 sine
627 1279 705 1339 liene
719 1281 851 1340 inveniri.
878 1287 908 1341 et
921 1278 989 1338 ideo
1005 1277 1112 1336 homini

120 1376 235 1438 quoque
255 1361 387 1438 splenico
403 1361 498 1422 cibum
512 1372 669 1441 potumque
684 1363 752 1424 dant
765 1366 795 1423 in
809 1365 943 1422 vasisax
964 1379 999 1421 ea
1018 1361 1102 1420 lactis

119 1448 217 1521 gravis
233 1453 328 1505 autem
343 1454 443 1507 auctor
457 1448 487 1505 in
501 1446 642 1506 medicina
657 1449 767 1528 virgam
783 1465 821 1507 ex
836 1465 871 1506 aa
887 1446 1059 1519 defractam,
1082 1451 1113 1502 ut

119 1545 214 1604 neque
230 1535 335 1588 terram
352 1547 447 1606 neque
463 1529 572 1589 lernam
586 1533 760 1607 attingeret,
785 1532 889 1590 sedare
903 1529 1013 1589 ventris
1028 1527 1112 1587 dolo·
1123 1543 1147 1584 rs

119 1627 168 1669 res
185 1611 369 1672 adseveravit
386 1614 539 1689 inpositam
555 1616 594 1672 ita
609 1621 640 1672 ut
655 1616 750 1673 tunica
765 1615 918 1690 cinctuque
933 1612 1051 1690 corpori
1066 1610 1114 1670 ad·

79 1714 106 1756 n,
120 1697 344 1772 deprimeretur.
365 1695 469 1771 volgus
485 1695 631 1756 infelicem
648 1696 782 1757 arborem
798 1714 860 1757 eam
876 1695 1014 1774 appellat,
1031 1702 1062 1754 ut
1073 1693 1114 1753 di·

121 1779 225 1852 ximus,
243 1778 376 1858 quoniam
387 1778 458 1838 nihil
473 1779 549 1839 ierat
567 1796 622 1838 nec
640 1788 753 1839 seratur
768 1797 906 1857 umquam.

40 1934 42 1938 μ
77 1872 111 1926 69
183 1860 263 1940 (42.)
299 1858 454 1921 Corinthus
476 1871 506 1921 ct
527 1880 600 1940 quae
621 1865 697 1923 circa
720 1872 766 1923 est
787 1862 907 1923 Graecia
923 1863 1013 1940 bryan
1028 1868 1114 1922 vocat

120 1945 243 2022 eiusque
259 1944 314 2004 duo
332 1962 442 2023 genera
458 1946 541 2021 iacit,
560 1946 725 2006 silvestrem
739 1946 824 2024 plane
837 1946 979 2023 sterilem,
994 1945 1148 2004 alteramao

119 2030 272 2089 mitiorem.
302 2028 375 2089 haec
394 2031 452 2088 lert
464 2033 493 2089 in
516 2029 655 2108 Aegypto
670 2029 811 2108 Syriaque
836 2033 922 2090 etiarn
936 2028 1113 2089 abundanter

120 2112 264 2190 lignosum
284 2114 406 2172 fructum
428 2111 565 2172 maiorem
585 2113 680 2191 galla,
702 2131 837 2191 asperum
851 2122 955 2190 gustu,
979 2129 1036 2190 quo
1055 2129 1112 2170 me-

121 2196 175 2256 dici
202 2204 320 2256 utuntur
346 2198 410 2255 vice
435 2196 531 2272 gallae
552 2198 581 2256 in
609 2197 860 2275 conpositionibus
882 2215 952 2275 quas
977 2195 1112 2255 antheras

118 2286 231 2338 vocant.
265 2287 295 2338 et
320 2279 428 2355 lignum
447 2288 542 2339 autem
565 2287 595 2338 et
620 2279 674 2339 llos
692 2288 723 2340 et
744 2279 815 2341 lolia
831 2289 861 2341 et
876 2289 981 2340 cortex
1002 2281 1031 2338 in
1046 2295 1113 2338 eos-

79 2373 114 2427 to
127 2362 191 2422 dem
211 2380 281 2421 usus
297 2361 487 2439 adhibentur,
512 2380 677 2441 quamquam
694 2365 870 2424 remissiora.
902 2363 984 2423 datur
999 2363 1147 2440 sangui-as

120 2464 185 2506 nem
202 2445 391 2506 reicientibus
407 2455 511 2506 cortex
522 2447 606 2507 tritus
618 2455 648 2508 et
663 2454 763 2507 contra
777 2447 918 2525 profluvia
933 2447 1112 2521 laminarum,

120 2529 257 2591 coeliacis
290 2546 414 2609 quoqne.
457 2529 533 2590 idem
566 2539 665 2591 tunsus
690 2533 892 2609 inpositusque
919 2529 1114 2590 collectiones

120 2617 211 2674 omnis
229 2613 347 2675 inhibet.
377 2614 457 2674 loliis
473 2616 643 2694 exprimitur
659 2633 743 2675 sucus
760 2614 795 2673 ad
811 2615 882 2674 haec
897 2613 1005 2674 eadem.
1039 2619 1069 2672 et
1084 2614 1114 2670 in

121 2699 187 2758 vino
206 2698 394 2774 decocuntur,
412 2699 475 2776 ipsa
492 2716 565 2758 vero
580 2698 694 2758 adiecto
707 2697 795 2757 melle
807 2698 981 2775 gangraenis
991 2695 1113 2755 inlinun-

120 2788 173 2840 tur.
194 2781 344 2843 decoctum
359 2798 458 2841 corum
469 2785 499 2840 in
516 2782 585 2840 vino
601 2779 753 2858 potum,**
766 2782 892 2859 inposita
910 2798 973 2839 cum
988 2794 1112 2840 rosaceo
1122 2789 1147 2831 to

77 2873 110 2928 71
124 2873 154 2923 et
162 2881 230 2923 cera
242 2864 351 2923 sedant.
376 2866 419 2923 sic
433 2872 463 2925 et
477 2862 656 2942 epinyctidas
671 2873 788 2940 sanant,
811 2864 937 2925 dentium
951 2861 1048 2923 dolori
1066 2880 1113 2922 au·

121 2946 408 3023 riumquedccootum
416 2947 649 3006 eorumsalntare
660 2955 717 3023 cat,
726 2947 850 3008 radixad
858 2947 959 3008 eadem
970 2946 1112 3006 similiter.

120 3029 190 3089 lolia
208 3029 263 3088 hoc
275 3028 395 3108 amplius
404 3029 439 3090 ad
454 3049 487 3090 ea
501 3046 574 3108 quae
590 3039 712 3109 serpunt
725 3032 900 3107 inponuntur
910 3048 973 3090 cum
985 3030 1113 3108 polenta.

121 3129 221 3174 semen
234 3112 384 3172 drachmae
393 3113 524 3191 pondere
539 3113 677 3174 adversus
692 3113 844 3193 phalangia
859 3122 890 3174 et
904 3131 1028 3174 araneos
1040 3113 1114 3174 bibi·

122 3204 183 3274 tur,
201 3215 264 3256 cum
278 3196 398 3256 altilium
413 3214 486 3258 vero
501 3199 600 3275 pingui
616 3197 774 3261 lurunculis
795 3200 950 3276 inponitur.
968 3197 1073 3257 efficax
1084 3204 1146 3256 etas

77 3289 112 3345 it
123 3289 225 3341 contra
235 3282 413 3359 serpentium
423 3282 496 3341 ictus
508 3289 710 3361 praeterquam
721 3281 857 3360 aspidum.
875 3298 930 3341 nec
940 3296 999 3340 non
1008 3280 1112 3340 morbo

120 3367 218 3444 regio,
226 3363 388 3443 phthiriasi,
398 3363 529 3425 leudibus
545 3364 696 3425 decoctum
706 3367 830 3425 iuiusnm
838 3364 959 3443 prodest
970 3362 1114 3424 abundan-

122 3449 246 3525 tiamque
259 3447 500 3509 mulierumalstit.
516 3449 707 3508 ciuisarboris
722 3448 859 3508 adomnia
872 3447 973 3509 eadem
982 3447 1113 3526 prodest.
