2400 3840
130 172 170 230 qn
445 175 465 220 c
498 175 593 221 runnu
616 172 766 223 securum

131 334 230 399 umbro
254 335 379 393 siccatur
402 333 530 408 vinoque
554 330 675 405 gratiam
696 328 791 388 adicit.
826 326 909 389 buius
934 347 1047 406 gcuora
1067 329 1124 391 duo

130 422 231 481 liniri-re
251 416 359 493 aliqui,
381 414 456 475 levis
472 412 544 489 loli,
564 412 686 472 alterum
702 412 822 472 tenuius.

87 520 121 567 :tt
182 502 266 577 (ib.)
297 498 461 559 Heracleon
476 497 606 557 siderion
624 503 654 555 et
670 497 762 573 ipsum
781 494 818 555 ab
838 493 966 557 llcrcule
979 496 1125 557 inventurn

131 596 188 653 arnt,
205 584 287 645 araulc
304 584 382 641 tonui
399 580 555 657 digitorum
570 588 706 657 quattuor
723 577 885 655 altitudine,
899 578 974 639 llore
990 582 1125 658 puniceo,

131 670 210 729 lnrliis
236 665 390 727 coriandri.
427 666 505 723 iuxta
528 664 607 722 lacus
634 671 664 722 et
688 663 777 721 amnis
802 662 947 722 inuenitur
973 665 1150 744 omniaques

132 754 253 811 colinam
270 750 350 808 iiarro
365 746 453 806 inlata
471 746 672 805 efficacissime
688 753 776 805 sanat.

195 834 276 907 (tit.)
300 830 352 889 uas
370 828 506 889 Chironis
526 831 672 888 inventum
687 828 816 905 ampelos
832 845 907 906 quae
924 836 1049 889 vocatur
1063 826 1127 889 (lbi-

87 920 179 1001 il'a's'ia
198 917 291 987 rania,
313 912 349 973 da
374 930 429 991 qua
446 911 567 971 diximus
584 914 660 972 inter
681 913 760 987 vitis,
782 911 867 970 sicuti
884 910 921 972 de
937 910 1031 975 herba
1046 914 1126 973 cuius

114 986 117 999 ¹
131 1000 261 1059 incantatio
277 996 444 1073 adsignatur
458 993 617 1055 Minervae.

88 1098 121 1145 :tn
186 1082 267 1157 (17.)
300 1078 416 1140 llerculi
433 1096 496 1138 eam
513 1095 630 1155 quoque
648 1077 814 1139 adscribunt
835 1094 909 1155 quac
935 1077 1127 1157 Apollinaris,
1135 1090 1159 1132 tt

132 1164 206 1243 apud
229 1163 342 1223 Arabas
366 1162 506 1223 altercum
531 1163 595 1221 sive
623 1161 874 1238 altercangenum,
901 1161 976 1238 apud
997 1161 1128 1225 Graecos

133 1266 204 1309 vcro
220 1248 411 1324 hyoscyamus
428 1245 600 1325 appellatur.
624 1244 707 1323 plura
720 1246 783 1304 eius
799 1262 925 1322 genera:
943 1263 1029 1305 anum
1043 1248 1127 1325 nigro

133 1334 261 1405 santuine,
289 1330 409 1391 flantibus
434 1346 526 1410 paene
550 1330 724 1408 purpureis,
753 1329 909 1406 spinosum.
927 1360 969 1373 --
990 1329 1057 1389 talis
1081 1349 1127 1391 na·

133 1420 223 1479 uritur
240 1418 269 1475 in
285 1414 404 1475 Galatia.
420 1413 600 1489 —volgare
615 1420 711 1471 autem
726 1411 872 1471 candidius
890 1418 937 1471 est
959 1418 989 1471 et
1006 1413 1127 1473 iratico·

133 1502 211 1575 uiua,
241 1498 326 1558 altius
353 1515 508 1576 papavere.
542 1497 620 1555 tertii
642 1513 742 1555 semen
771 1496 873 1554 irionis
893 1496 994 1555 semini
1019 1496 1158 1573 similae

88 1581 188 1647 :toaod
216 1581 310 1640 oninia
326 1582 464 1639 insaniam
491 1580 641 1656 gignentia
667 1580 829 1656 capitisque
844 1580 1016 1655 vertigines.
1043 1598 1126 1657 quur-

134 1672 190 1722 tnm
213 1680 306 1737 genus
330 1659 434 1733 molle,
460 1660 679 1737 lanuginosum‚
701 1663 837 1739 pinguius
863 1663 988 1737 ceteris,
1014 1662 1127 1725 madidi

133 1746 269 1818 sarrinia,
293 1746 320 1803 in
342 1745 490 1803 maritimis
507 1761 637 1803 nascens.
668 1742 725 1803 hoc
746 1762 890 1823 recepero
909 1744 1031 1823 medici,
1057 1746 1128 1809 item

133 1829 186 1887 ruli
204 1828 331 1887 seminis.
366 1844 577 1903 nonnumquam
591 1835 686 1886 autem
700 1827 849 1887 candidum
862 1828 1000 1903 rufescit,
1027 1831 1053 1890 si
1070 1849 1128 1891 non

37 1977 39 1980 Α
134 1911 303 1981 ammonuit,
326 1910 572 1987 inprobaturque,
588 1918 618 1969 et
636 1909 745 1989 alioqui
769 1910 846 1970 nulla
866 1912 922 1971 nisi
943 1929 1007 1971 cum
1022 1914 1158 1974 inaruitrc

134 1994 249 2071 legitur.
295 2001 394 2053 natura
424 1994 480 2051 vini
501 1993 628 2070 ideoque
657 2002 783 2053 mentem
808 2002 951 2073 caputque
976 1996 1126 2057 infestans.

135 2096 203 2136 usus
219 2078 337 2137 seminis
355 2085 385 2136 ct
402 2094 456 2155 per
473 2095 505 2136 se
531 2085 561 2136 et
581 2094 652 2138 suco
676 2095 829 2155 expresso.
858 2080 1029 2156 exprimitur
1044 2098 1128 2159 sepa-

134 2162 216 2217 ratim
239 2167 268 2219 ct
291 2159 419 2219 caulibus
436 2159 591 2237 foliisque,
617 2167 733 2219 utuntur
749 2169 778 2219 et
795 2161 910 2236 radice,
927 2164 1083 2225 temeraria
1098 2166 1128 2233 in

91 2249 125 2306 37
138 2249 246 2317 tutum,
276 2250 306 2300 ut
329 2241 472 2315 arbitror,
493 2241 645 2303 medicina.
677 2243 786 2321 quippe
808 2248 895 2303 etiam
917 2244 998 2305 loliis
1013 2254 1127 2307 constat

134 2332 259 2383 mentem
275 2325 437 2401 corrumpi,
456 2326 480 2383 si
503 2324 584 2401 plura
601 2343 684 2402 quam
701 2335 836 2403 quattuor
855 2327 963 2393 bibant.
977 2327 1013 2363 *¹¹³
1041 2331 1160 2391 etiamas

135 2408 243 2484 antiqui
260 2409 288 2466 in
309 2408 375 2468 vino
391 2406 496 2467 febrim
510 2407 619 2485 depelli
641 2408 825 2471 arbitrantes.
864 2411 959 2472 oleum
976 2412 1007 2472 lit
1025 2432 1064 2475 ex
1081 2433 1127 2475 se·

91 2488 155 2569 {3332
173 2492 264 2566 ruine,
289 2499 318 2549 ut
341 2489 481 2567 diximus,
508 2491 584 2570 quud
605 2494 697 2570 ipsum
720 2494 837 2554 auribus
860 2495 984 2555 inlusum
1007 2504 1128 2575 temptat

135 2576 424 2655 mentcn1,mireque
441 2584 472 2636 ut
493 2584 593 2637 contra
614 2594 758 2637 uenenum
772 2577 899 2638 remedia
918 2579 1076 2656 prodidere
1090 2582 1126 2640 iis

136 2659 182 2734 qui
199 2658 226 2716 id
242 2657 387 2719 bibissent
402 2667 432 2719 et
447 2658 539 2737 ipsum
552 2678 606 2738 pro
623 2659 771 2736 remediis,
788 2659 861 2721 adeo
877 2661 957 2722 nullo
969 2665 1063 2723 omnia
1078 2682 1127 2724 en-

105 2792 108 2797 .
136 2739 268 2815 periendi
286 2741 342 2801 linc
361 2750 391 2800 ut
404 2751 549 2819 cogerent
565 2745 651 2803 etiam
666 2760 779 2803 venena
795 2743 947 2821 prodesse.
993 2810 996 2815 ,
1136 2774 1160 2816 aa

93 2829 128 2882 38
198 2822 226 2879 5.
247 2820 328 2899 (18.)
357 2822 523 2883 Linonostis
547 2826 610 2886 siue
635 2826 808 2905 parthenion
828 2826 954 2887 Mercuri
980 2830 1127 2899 inventum

136 2910 190 2961 est.
222 2901 290 2962 idco
307 2905 382 2981 apud
395 2904 523 2967 Graecos
537 2905 721 2988 llermupoan
735 2908 815 2969 malti
831 2919 935 2971 vocant
951 2930 1031 2989 cam,
1052 2915 1128 2991 apud

137 3001 190 3042 nos
210 3001 309 3044 omncs
325 2984 535 3049 Mercurialem.
570 2989 627 3053 duo
641 2992 705 3052 cius
722 3011 848 3071 genera:
872 2994 1015 3055 masculas
1032 3006 1062 3057 et
1083 2997 1125 3057 ie·

136 3068 227 3141 mina,
250 3085 324 3144 quae
341 3070 504 3148 efficacior,
535 3074 618 3135 caule
639 3076 774 3153 cubitali,
796 3077 938 3137 interdum
960 3096 1076 3140 ramoso
1096 3082 1126 3139 in

138 3153 300 3226 cacumine,
325 3154 418 3213 ocimo
432 3158 648 3231 augustioribus
663 3158 762 3236 foliis,
783 3160 926 3238 geniculis
942 3161 1053 3239 densis,
1068 3163 1158 3224 ala-ss

137 3252 198 3293 rum
214 3236 292 3293 cavis
310 3235 418 3312 multis,
441 3240 551 3299 semiue
572 3242 601 3300 ia
616 3242 759 3319 geniculis
781 3242 978 3322 dependente,
1000 3246 1124 3307 lemicae

136 3320 271 3394 copioso,
286 3320 355 3377 mari
371 3321 451 3379 iuxta
464 3322 598 3397 genicula
614 3333 719 3402 stante,
741 3328 845 3386 rariori
861 3346 895 3389 ac
910 3327 993 3388 brevi
1009 3339 1125 3389 contor-

94 3406 239 3477 39toque‚
264 3401 387 3462 feminae
410 3402 508 3463 soluto
530 3413 560 3466 et
581 3407 710 3468 candido.
743 3409 813 3469 lolia
837 3411 963 3473 maribus
985 3414 1124 3489 nigriora,
