2400 3840
341 217 423 265 uun.
441 214 533 264 mov.
549 215 633 262 xxx.
651 211 676 266 7.
695 213 721 266 e
738 203 890 280 (ao—aa.)
1047 204 1108 265 245

111 374 179 433 item
198 371 280 447 hydri
295 373 376 431 iecur
390 370 450 430 bibi
462 371 510 454 vel
526 371 711 448 scorpionum
729 369 855 427 cinerem
871 377 918 427 aut
933 369 961 428 in
975 389 1049 449 panc
1064 391 1109 431 su·

109 458 163 534 mi,
186 456 234 515 vcl
250 456 275 514 si
292 457 356 533 quis
374 473 437 514 cum
453 455 567 514 locusta
582 454 649 513 edit.
684 452 801 530 lapillos
819 453 910 530 quiin
926 455 1103 530 gallinaceo·
1117 464 1150 520 67

110 559 172 599 rum
188 541 288 599 vesica
304 547 351 598 aut
371 540 400 597 in
413 536 592 616 palumbium
611 536 775 597 ventriculo
790 537 971 597 inveniantur
987 541 1108 613 conteri,

110 626 139 682 in
149 624 298 702 potionem
309 624 450 700 inspergi,
467 623 534 681 item
546 622 739 681 membranam
752 639 768 679 e
782 620 943 680 ventriculo
956 622 1111 699 gallinacei

86 706 218 770 caridam
232 707 292 782 vel,
311 708 335 766 si
351 724 456 766 recens
473 708 519 783 sit,
538 715 651 766 tostam.
681 707 774 764 fimum
790 721 905 782 quoquc
918 706 1112 783 palumbinum

110 793 138 850 in
153 791 220 851 faba
237 793 308 850 sumi
327 800 426 851 contra
442 791 572 851 calculos
590 799 619 848 et
634 789 705 848 alias
721 788 908 848 difficultates
923 792 1052 867 vesicae,
1073 793 1110 849 si-

109 876 215 935 militer
225 874 383 954 plumarum
402 876 528 935 cinerem
542 872 715 953 palumbium
730 872 858 931 ferorum
873 891 909 932 ex
924 884 1008 934 aceto
1017 874 1111 933 mulso

110 968 140 1018 et
154 961 352 1019 intestinorum
370 977 407 1019 ex
421 958 465 1018 his
475 959 608 1031 cinerem
625 955 807 1016 coclearibus
821 957 923 1016 tribus.
952 976 968 1016 e
985 958 1052 1018 nido
1068 958 1107 1017 hi·
1120 966 1155 1022 68

110 1042 261 1102 rundiuum
276 1042 442 1119 glaebulam
458 1042 575 1101 dilutam
596 1057 669 1118 aqua
692 1039 799 1115 calida,
822 1041 960 1119 ossifragi
981 1051 1112 1102 ventrem

74 1150 101 1191 ao
113 1127 288 1203 arefactum,
304 1127 422 1185 turturis
443 1127 536 1184 fimum
553 1126 581 1182 in
596 1124 689 1183 mulso
706 1123 857 1182 decoctum
873 1125 920 1184 vel
942 1129 1033 1203 ipsius
1055 1125 1112 1186 dis·

111 1219 214 1270 coctae
231 1212 285 1268 ius.
318 1209 420 1268 turdos
438 1225 555 1287 quoquc
576 1208 673 1267 edisse
696 1224 759 1265 cum
782 1205 863 1265 bacis
884 1212 968 1283 myrti
991 1211 1112 1288 prodest

110 1296 224 1369 urinae,
241 1291 356 1352 cicadas
370 1301 461 1352 tostas
474 1294 503 1350 in
521 1290 653 1368 patellis,
674 1289 840 1367 milipedam
864 1295 985 1352 oniscon
1001 1292 1111 1353 bibisse

69 1417 75 1427 -
111 1385 140 1435 ct
161 1377 189 1433 iu
207 1376 326 1435 vesicae
346 1374 493 1434 doloribus
511 1374 664 1434 decoctum
680 1374 849 1449 agninorum
866 1374 979 1452 pedum.
1007 1377 1113 1436 Alvom

113 1462 170 1518 ciet
190 1459 418 1536 gallinaceomm
438 1456 633 1517 discoctorum
652 1459 696 1516 ius
719 1466 747 1515 et
768 1459 847 1518 acria
867 1458 975 1534 mollit,
1003 1461 1060 1518 ciet
1084 1470 1114 1519 et

77 1558 102 1604 1⁵
112 1542 291 1603 hirundinum
306 1543 399 1601 limum
414 1541 528 1601 adiecto
544 1541 632 1601 melle
648 1539 800 1600 subditum.

174 1624 259 1706 (22.)
280 1625 364 1685 Sedis
381 1627 457 1685 vitiis
473 1626 675 1686 efficacissima
693 1634 758 1683 sunt
772 1642 924 1704 oesypum,
936 1659 979 1672 -
994 1624 1109 1707 quidam
1121 1636 1155 1694 69

109 1710 235 1770 adiciunt
257 1710 484 1789 pompholygem
501 1719 531 1770 et
545 1727 712 1786 rosaceum,
733 1741 776 1756 --
793 1710 887 1769 canini
909 1713 1111 1790 capitis-cinis,

112 1803 231 1854 senecta
245 1797 388 1872 serpentis
407 1812 444 1854 ex
461 1803 557 1871 aceto,
575 1796 599 1853 si
615 1794 760 1871 rhagades
777 1795 843 1870 sint,
858 1795 928 1855 ciuis
947 1797 1003 1855 fimi
1019 1798 1112 1856 canini

112 1877 223 1939 candidi
250 1896 314 1938 cum
334 1896 459 1939 rosaceo
479 1911 523 1925 —-
544 1878 621 1939 aiunt
641 1880 787 1938 inventum
800 1877 958 1958 Aesculapi
974 1898 1041 1939 esse
1065 1898 1113 1940 eo·

75 1982 101 2022 ao
112 1962 234 2040 demque
251 1971 279 2022 et
294 1979 433 2022 verrucas
451 1963 654 2021 efficacissime
669 1962 733 2021 tolli
747 1997 808 2038 —,
833 1963 932 2021 murini
950 1964 1007 2022 limi
1029 1965 1112 2040 ciuis,

111 2046 193 2123 adips
208 2047 304 2122 cygni,
316 2045 397 2124 adips
409 2045 514 2105 bovae.
532 2045 712 2124 procidentia
725 2045 764 2105 ibi
774 2063 860 2104 sucus
869 2046 1034 2106 coclearum
1042 2065 1112 2125 pun·

112 2129 537 2208 ctisevocatusinliturepellit.
554 2129 657 2188 attritis
665 2129 797 2188 medetur
805 2131 876 2188 cinis
888 2131 977 2188 muris
990 2129 1114 2190 silvatici
1121 2140 1156 2196 70

112 2231 176 2272 cum
190 2213 287 2289 melle,
302 2212 343 2272 lel
358 2214 487 2273 irenacei
506 2229 570 2272 cum
588 2213 805 2293 vespertilionis
821 2213 944 2273 cerebro
964 2222 992 2273 et
1009 2215 1112 2274 canino

111 2297 201 2374 lacte,
226 2296 308 2376 adips
335 2298 488 2374 anserinus
512 2316 575 2358 cum
596 2298 720 2358 cerebro
743 2306 772 2357 et
792 2298 916 2358 alumine
936 2306 965 2357 et
987 2316 1110 2379 oesypo.

76 2380 205 2444 cadmum
221 2381 412 2441 columbinum
426 2400 490 2442 curn
505 2382 604 2458 melle,
621 2382 831 2457 condylomatis
845 2383 978 2460 privatim
990 2400 1113 2443 araneus

111 2464 227 2542 dempto
255 2467 350 2543 capite
380 2466 560 2545 pedibusque
585 2465 742 2524 infricatus.
785 2464 830 2523 Nc
858 2467 938 2525 acria
967 2477 1112 2544 perurant,

111 2546 192 2624 adips
214 2549 365 2607 anserinus
385 2566 448 2608 cum
477 2566 545 2608 cera
566 2547 682 2620 Punica,
702 2565 837 2625 cerussa,
864 2565 1006 2623 rosaceo,
1030 2549 1113 2626 adips

111 2631 207 2704 cygni.
244 2630 318 2688 haec
339 2639 368 2689 et
390 2629 626 2690 haemorrhoidas
649 2647 752 2690 sanare
765 2630 906 2691 dicuntur.
940 2631 1153 2696 lschiadicis71

113 2711 231 2770 cocleas
255 2713 357 2772 crudas
376 2715 457 2773 tritas
472 2731 536 2772 cum
551 2713 618 2772 vino
635 2712 758 2773 Amineo
775 2722 804 2773 et
819 2716 921 2792 pipere
940 2722 1009 2792 potu
1027 2714 1112 2792 prod·

75 2819 101 2863 ao
112 2813 179 2857 esse
197 2794 309 2871 dicunt,
325 2796 463 2856 lacertam
480 2796 600 2857 viridem
617 2797 645 2856 in
664 2795 730 2856 cibo
745 2795 848 2856 ablatis
868 2797 1007 2876 pedibus,
1027 2800 1113 2858 inter·

111 2880 210 2957 aneis,
234 2882 344 2958 capite,
368 2881 411 2940 sic
434 2890 463 2941 et
475 2880 629 2940 stelionem
648 2880 771 2941 adiectis
787 2880 852 2941 huic
869 2883 1025 2959 papaveris
1039 2883 1114 2958 nigri

112 2964 209 3024 obolis
224 2964 326 3042 tribus,
342 2967 443 3043 ruptis,
461 2965 609 3025 convolsis
624 2964 664 3024 iel
676 2964 772 3023 ovium
785 2981 848 3023 cum
861 2964 937 3024 lacte
953 2965 1112 3024 mulierum.

110 3048 312 3109 Verendorum
343 3049 590 3110 formicationibus
618 3048 809 3126 verrucisque
837 3048 969 3108 medetur
995 3050 1108 3109 arietini
1121 3058 1156 3114 72

113 3133 257 3211 pulmonis
274 3134 391 3193 inassati
408 3134 513 3209 sanies,
533 3133 639 3192 ceteris
658 3132 735 3190 vitiis
748 3131 890 3192 vellerum
906 3134 968 3192 eius
984 3133 1032 3192 vel
1048 3150 1112 3194 sor·

76 3231 102 3277 ao
114 3216 245 3277 didorum
261 3218 332 3277 cinis
348 3235 385 3275 ex
401 3233 483 3294 aqua,
500 3218 600 3277 sebum
619 3235 656 3276 ex
670 3225 786 3276 omento
802 3217 936 3296 pecudis,
955 3218 1113 3296 praecipue

113 3318 129 3360 a
145 3301 272 3379 renibus,
285 3300 409 3360 admixto
422 3301 542 3377 pumicis
559 3301 656 3358 cinere
669 3309 697 3358 et
713 3300 786 3377 sale,
803 3301 867 3362 lana
880 3300 978 3360 sucida
992 3318 1029 3359 ex
1039 3318 1113 3378 aqna

112 3384 227 3461 frigida.
260 3403 363 3446 carnes
382 3382 502 3463 pecudis
516 3382 685 3443 combustae
707 3402 745 3443 ex
767 3401 857 3462 aqua,
878 3384 971 3444 mulae
993 3383 1113 3460 ungula·

114 3485 175 3527 rum
192 3470 280 3547 cinis,
298 3469 392 3529 dentis
411 3466 544 3528 caballini
562 3467 693 3527 contunsi
712 3467 804 3527 farina
824 3466 1133 3546 inspersa,testtaas
