2400 3840
355 221 435 268 aar.
454 220 545 270 mer.
562 220 661 268 xxm.
680 220 703 272 1.
723 211 876 289 (te-35.)
1071 214 1110 273 15

112 384 157 436 tur
180 392 238 435 non
262 374 372 436 inclusa
392 375 513 435 condita.
548 377 687 435 crematio
709 376 736 435 ei
756 373 873 434 multum
889 376 990 437 virium
1014 377 1108 442 adicit.

111 459 262 519 utilissima
288 466 335 518 est
356 457 391 518 ad
409 458 630 537 conpescendos
651 458 797 534 lichenas,
822 458 949 519 furfures
970 480 1033 522 cum
1053 464 1109 522 lico

63 610 66 617 ,
109 543 238 604 decocta.
270 543 314 601 sic
329 547 360 602 et
370 540 462 620 lepris
474 550 503 602 ot
514 541 661 603 ulceribus
673 542 850 603 manantibus
860 543 1014 620 inponitur.
1045 545 1151 610 fun-65

63 620 66 691 J
108 643 211 703 garum
233 632 354 685 naturae
372 626 516 685 contraria
532 633 578 686 est
594 635 681 705 pota,
704 626 757 685 sed
773 627 864 703 magis
882 627 975 687 cruda.
1011 627 1109 689 oculo·

64 718 66 727 '
87 728 168 770 arum
190 708 407 769 medicamentis
427 717 509 769 cocta
526 718 556 769 et
577 709 638 770 lota
654 711 799 793 miscetur.
832 709 963 770 medetur
978 711 1059 771 inlita
1078 721 1108 771 et

108 793 233 853 testibus
256 800 286 852 et
306 791 492 869 genitalibus.
525 795 554 853 ic
573 795 641 853 vino
666 800 761 852 autern
775 793 915 853 adversus
930 796 1106 871 strangurias

106 876 232 953 bibitur,
248 894 311 936 cum
325 877 486 954 exspiravit
506 893 638 955 quoque,
653 876 782 936 lavandis
793 876 967 955 corporibus
980 880 1107 938 etvesti·

106 960 160 1020 bus
177 959 266 1019 utilis.
303 967 370 1019 tunc
386 977 467 1019 usum
484 962 598 1021 acaciae
614 960 710 1020 habet.

168 1041 251 1124 (32.)
276 1042 358 1123 Facx
369 1044 444 1102 aceti
457 1061 512 1121 pro
524 1044 800 1104 materiaacrior‘sit
809 1061 933 1105 necesse
947 1054 993 1106 est
1004 1045 1150 1110 multo-66

76 1145 163 1206 ioque
189 1129 281 1205 magis
310 1127 469 1188 exulceret.
511 1128 625 1187 resistit
646 1128 884 1206 suppurationum
906 1129 1105 1206 incrementis,

106 1210 298 1287 stomachum,
320 1213 490 1288 interanea,
512 1218 644 1271 ventrem
664 1210 744 1270 inlita
768 1210 890 1271 adiuvat.
928 1213 1005 1272 sistit
1021 1212 1107 1273 rbeu·

105 1295 252 1354 matismos
268 1312 365 1355 earum
381 1295 503 1372 partium
520 1303 550 1354 et
565 1294 714 1354 mulierum
730 1311 855 1354 menses.
887 1311 977 1373 panos
989 1295 1107 1356 discutit

105 1378 230 1437 noudum
245 1377 431 1439 exulceratos
447 1386 476 1436 et
491 1378 621 1454 anginas,
634 1378 709 1455 ignis
726 1393 826 1437 sacros
841 1395 903 1436 curn
913 1394 989 1438 cera.
1019 1396 1103 1437 mam·
1114 1389 1147 1444 67

104 1477 165 1520 mas
187 1460 269 1520 lactis
290 1462 334 1521 sui
353 1462 523 1539 inpatientis
545 1460 645 1521 eadem
660 1461 838 1538 exstinguit,
861 1462 963 1538 unguis
984 1460 1104 1520 scabros

72 1564 95 1607 aa
104 1543 216 1620 aufert,
232 1563 249 1605 a
263 1545 449 1623 serpentibus
461 1553 562 1606 contra
575 1553 703 1605 cerastas
714 1543 889 1604 validissima
900 1563 964 1605 curn
974 1542 1105 1622 polenta,

103 1645 167 1688 cum
191 1627 348 1689 melanthio
370 1637 465 1689 autem
484 1637 584 1690 contra
607 1627 747 1688 crocodili
766 1645 879 1688 morsus
901 1637 931 1690 at
953 1628 1040 1688 canis.
1075 1636 1106 1687 et

103 1709 176 1771 baec
191 1720 316 1772 cremata
334 1712 450 1791 ampliat
468 1714 547 1773 viris.
581 1721 648 1773 tunc
663 1711 760 1772 addito
773 1711 928 1772 lentiscino
942 1711 1010 1772 oleo
1023 1711 1104 1771 inlita

103 1812 157 1854 una
174 1802 262 1855 nocte
276 1795 351 1855 rulat
366 1795 507 1874 capillum.
538 1796 639 1856 eadem
655 1814 694 1855 ex
709 1813 781 1874 aqua
797 1795 825 1854 in
837 1793 961 1856 linteolo
973 1795 1105 1873 adposita

102 1876 204 1938 volvas
222 1887 334 1957 purgat.

67 1979 92 2020 ao
163 1961 246 2040 (33.)
275 1960 368 2041 Sapae
384 1962 468 2022 faece
486 1962 614 2023 ambusta
628 1971 778 2039 sanantur,
793 1961 896 2021 melius
914 1960 1008 2022 addita
1024 1961 1100 2021 lanu·
1112 1973 1147 2026 68

101 2045 171 2122 gine
182 2044 366 2122 harundinis,
383 2044 484 2106 eadem
495 2046 578 2107 lacco
591 2047 712 2107 decocta
726 2054 853 2124 potaque
866 2052 962 2104 tusses
974 2052 1102 2104 veteres.

101 2129 275 2206 decoquitur
297 2129 326 2189 in
350 2130 455 2208 patinis
471 2148 535 2189 cum
553 2130 615 2190 sale
631 2138 661 2190 ct
679 2128 764 2208 adipe
780 2129 815 2189 ad
831 2124 972 2187 tumorem
987 2145 1102 2206 quoque

100 2211 278 2272 maxillarum
294 2220 324 2272 et
340 2215 492 2273 cervicum.

163 2294 191 2355 3.
229 2295 311 2375 (34.)
336 2294 471 2357 Olaurum
487 2315 625 2376 proxuma
639 2299 795 2358 auctoritas
811 2294 1001 2371 intellegitur.
1030 2293 1146 2360 iolia69

69 2397 200 2442 arearum
218 2378 472 2441 vehementissime
491 2382 689 2458 adstringunt,
705 2389 844 2460 purgant,
861 2380 974 2439 sistunt.
1005 2380 1103 2454 itaque

100 2462 322 2523 conmanducata
334 2465 460 2543 inposita
473 2463 618 2524 ulceribus
632 2464 782 2525 medentur
795 2472 825 2523 et
837 2463 940 2539 capitis
952 2460 1102 2521 doloribus

100 2545 183 2605 inlita
205 2563 268 2606 cum
284 2546 370 2624 oleo,
394 2546 544 2608 decoctum
558 2562 659 2606 eorum
675 2564 738 2606 eum
751 2545 840 2606 melle
858 2545 895 2603 iis
911 2560 984 2621 quae
999 2543 1102 2602 medici

102 2629 240 2705 usserint,
253 2631 433 2709 gingivarum
445 2628 713 2690 inflammationibus
725 2638 755 2689 et
766 2625 951 2707 paronychiis
965 2625 1103 2685 sordidis·

101 2728 158 2790 que
180 2711 328 2773 ulceribus
352 2722 383 2774 et
406 2711 650 2792 putrescentibus.
680 2730 743 2772 cum
763 2710 851 2772 melle
872 2710 1019 2786 sanguinis
1036 2724 1103 2787 pro-

67 2794 218 2857 colluvium
235 2814 252 2855 e
269 2799 404 2857 neruosis
420 2796 549 2876 partibus
566 2796 692 2857 cohibet.
722 2813 807 2856 sucus
824 2810 924 2855 eorum
942 2793 1099 2852 carbunou·
1110 2801 1145 2857 iu

100 2877 227 2939 lantibus
248 2881 326 2940 circa
349 2879 451 2940 oculos
472 2879 619 2941 ulceribu‘s
637 2888 668 2941 et
685 2879 796 2960 pusulis
813 2878 1036 2957 procidentique
1051 2895 1102 2955 pu·

100 2960 186 3039 pulae
209 2962 330 3039 eliicax,
352 2971 530 3042 quapropter
552 2965 581 3023 in
603 2964 725 3041 collyria
746 2963 865 3024 additur.
895 2979 959 3021 nam
975 2969 1005 3021 et
1020 2969 1102 3021 vete·

100 3062 149 3105 res
171 3044 386 3107 lacrimationes
409 3054 490 3106 sanat
513 3055 543 3106 et
565 3065 703 3124 genarum
726 3049 888 3108 oraciones.
932 3046 1102 3124 exprimitur

100 3137 195 3189 autem
215 3147 301 3190 aucus
318 3130 410 3190 tonsis
424 3130 525 3190 adfuso
541 3132 610 3191 vino
625 3140 656 3190 et
671 3142 744 3211 aqua
759 3131 898 3208 caelesti,
919 3131 1100 3206 siccatusque

67 3233 90 3274 ao
100 3213 129 3272 in
150 3212 284 3292 pastillos
306 3213 456 3292 digeritur.
488 3215 563 3273 sistit
579 3233 695 3276 menses
716 3217 745 3274 in
762 3213 825 3275 lana
840 3215 969 3276 admotus
984 3210 1100 3285 volvae,

102 3295 178 3356 utilis
195 3305 226 3358 et
244 3299 325 3358 sanie
339 3296 534 3373 manantibus,
549 3299 618 3359 item
635 3298 862 3376 condylomatis,
878 3295 994 3376 ignibus
1011 3295 1100 3353 sacris

100 3397 232 3459 quaeque
248 3391 368 3460 serpunt
383 3381 496 3457 ulcera,
513 3382 679 3460 epinyctidi.

162 3465 245 3543 (35.)
282 3463 409 3526 Eosdem
437 3463 558 3525 allectus
580 3474 611 3526 et
640 3465 694 3527 tlos
729 3464 1161 3528 conclamatissimum
