<?xml version="1.0" encoding="UTF-8"?>
<!DOCTYPE html PUBLIC "-//W3C//DTD XHTML 1.0 Transitional//EN"
    "http://www.w3.org/TR/xhtml1/DTD/xhtml1-transitional.dtd">
<html xmlns="http://www.w3.org/1999/xhtml" xml:lang="en" lang="en">
 <head>
  <title>
</title>
<meta http-equiv="Content-Type" content="text/html;charset=utf-8" />
  <meta name='ocr-system' content='tesseract 3.04.00' />
  <meta name='ocr-capabilities' content='ocr_page ocr_carea ocr_par ocr_line ocrx_word'/>
</head>
<body>
  <div class='ocr_page' id='page_1' title='image "./cplinisecundina06plingoog_0314.png"; bbox 0 0 2400 3840; ppageno 0'>
   <div class='ocr_carea' id='block_1_1' title="bbox 266 189 1086 269">
    <p class='ocr_par' dir='ltr' id='par_1_1' title="bbox 266 189 1086 269">
     <span class='ocr_line' id='line_1_1' title="bbox 266 189 1086 269; baseline 0.004 -19"><span class='ocrx_word' id='word_1_1' title='bbox 266 207 267 210; x_wconf 43' lang='lat'>¹</span> <span class='ocrx_word' id='word_1_2' title='bbox 329 203 408 250; x_wconf 73' lang='lat' dir='ltr'><strong>xor.</strong></span> <span class='ocrx_word' id='word_1_3' title='bbox 427 201 518 250; x_wconf 82' lang='lat' dir='ltr'><strong>urar.</strong></span> <span class='ocrx_word' id='word_1_4' title='bbox 533 202 616 250; x_wconf 85' lang='lat' dir='ltr'><strong>xxx.</strong></span> <span class='ocrx_word' id='word_1_5' title='bbox 635 199 661 252; x_wconf 83' lang='lat'><strong>4.</strong></span> <span class='ocrx_word' id='word_1_6' title='bbox 679 203 704 253; x_wconf 81' lang='lat'><strong>5.</strong></span> <span class='ocrx_word' id='word_1_7' title='bbox 722 190 857 269; x_wconf 74' lang='grc' dir='ltr'><strong>(ιι-ιι.)</strong></span> <span class='ocrx_word' id='word_1_8' title='bbox 1024 189 1086 253; x_wconf 79' lang='grc'><strong>239</strong></span> 
     </span>
    </p>
   </div>
   <div class='ocr_carea' id='block_1_2' title="bbox 56 356 1131 3517">
    <p class='ocr_par' dir='ltr' id='par_1_2' title="bbox 64 356 1131 1101">
     <span class='ocr_line' id='line_1_2' title="bbox 91 356 1086 435; baseline -0.003 -18"><span class='ocrx_word' id='word_1_9' title='bbox 91 358 157 417; x_wconf 85' lang='lat' dir='ltr'><strong>trita</strong></span> <span class='ocrx_word' id='word_1_10' title='bbox 175 357 202 415; x_wconf 91' lang='lat' dir='ltr'><strong>iu</strong></span> <span class='ocrx_word' id='word_1_11' title='bbox 224 357 290 416; x_wconf 91' lang='lat' dir='ltr'><strong>limo</strong></span> <span class='ocrx_word' id='word_1_12' title='bbox 308 356 471 416; x_wconf 90' lang='lat' dir='ltr'><strong>columbino</strong></span> <span class='ocrx_word' id='word_1_13' title='bbox 488 373 551 416; x_wconf 92' lang='lat' dir='ltr'><strong>cum</strong></span> <span class='ocrx_word' id='word_1_14' title='bbox 569 374 657 435; x_wconf 89' lang='lat' dir='ltr'><strong>passo</strong></span> <span class='ocrx_word' id='word_1_15' title='bbox 672 358 899 435; x_wconf 77' lang='lat' dir='ltr'>gargarizatum,</span> <span class='ocrx_word' id='word_1_16' title='bbox 921 358 1006 416; x_wconf 89' lang='lat' dir='ltr'><strong>etiam</strong></span> <span class='ocrx_word' id='word_1_17' title='bbox 1023 375 1086 416; x_wconf 90' lang='lat' dir='ltr'><strong>cum</strong></span> 
     </span>
     <span class='ocr_line' id='line_1_3' title="bbox 92 440 1086 520; baseline -0.003 -20"><span class='ocrx_word' id='word_1_18' title='bbox 92 441 148 500; x_wconf 88' lang='lat' dir='ltr'><strong>lico</strong></span> <span class='ocrx_word' id='word_1_19' title='bbox 169 440 247 500; x_wconf 89' lang='lat' dir='ltr'><strong>arida</strong></span> <span class='ocrx_word' id='word_1_20' title='bbox 270 458 304 500; x_wconf 92' lang='lat' dir='ltr'><strong>ao</strong></span> <span class='ocrx_word' id='word_1_21' title='bbox 325 441 399 500; x_wconf 92' lang='lat' dir='ltr'><strong>uitro</strong></span> <span class='ocrx_word' id='word_1_22' title='bbox 419 440 572 518; x_wconf 91' lang='lat' dir='ltr'><strong>inpositum</strong></span> <span class='ocrx_word' id='word_1_23' title='bbox 600 449 682 500; x_wconf 89' lang='lat' dir='ltr'><strong>extra</strong></span> <span class='ocrx_word' id='word_1_24' title='bbox 705 441 891 520; x_wconf 70' lang='lat' dir='ltr'><strong>asperitatem</strong></span> <span class='ocrx_word' id='word_1_25' title='bbox 911 440 1034 500; x_wconf 85' lang='lat' dir='ltr'><strong>faucium</strong></span> <span class='ocrx_word' id='word_1_26' title='bbox 1056 448 1086 498; x_wconf 93' lang='lat' dir='ltr'><strong>et</strong></span> 
     </span>
     <span class='ocr_line' id='line_1_4' title="bbox 92 523 1084 602; baseline -0.002 -19"><span class='ocrx_word' id='word_1_27' title='bbox 92 523 302 584; x_wconf 81' lang='lat' dir='ltr'><strong>destillationes</strong></span> <span class='ocrx_word' id='word_1_28' title='bbox 318 523 436 600; x_wconf 88' lang='lat' dir='ltr'><strong>leniunt,</strong></span> <span class='ocrx_word' id='word_1_29' title='bbox 455 524 633 583; x_wconf 83' lang='lat' dir='ltr'><strong>—cocleae</strong></span> <span class='ocrx_word' id='word_1_30' title='bbox 649 527 734 602; x_wconf 88' lang='lat' dir='ltr'><strong>coqui</strong></span> <span class='ocrx_word' id='word_1_31' title='bbox 751 523 858 583; x_wconf 86' lang='lat' dir='ltr'><strong>debent</strong></span> <span class='ocrx_word' id='word_1_32' title='bbox 872 523 990 597; x_wconf 89' lang='lat' dir='ltr'><strong>inlotae,</strong></span> <span class='ocrx_word' id='word_1_33' title='bbox 1008 523 1084 582; x_wconf 88' lang='lat' dir='ltr'><strong>dem·</strong></span> 
     </span>
     <span class='ocr_line' id='line_1_5' title="bbox 91 606 1087 686; baseline -0.002 -20"><span class='ocrx_word' id='word_1_34' title='bbox 91 615 200 686; x_wconf 87' lang='lat' dir='ltr'><strong>ptoquc</strong></span> <span class='ocrx_word' id='word_1_35' title='bbox 222 616 327 667; x_wconf 87' lang='lat' dir='ltr'><strong>tautum</strong></span> <span class='ocrx_word' id='word_1_36' title='bbox 347 615 463 667; x_wconf 82' lang='lat' dir='ltr'><strong>terreno</strong></span> <span class='ocrx_word' id='word_1_37' title='bbox 488 609 599 667; x_wconf 90' lang='lat' dir='ltr'><strong>conteri</strong></span> <span class='ocrx_word' id='word_1_38' title='bbox 621 615 651 666; x_wconf 89' lang='lat' dir='ltr'><strong>et</strong></span> <span class='ocrx_word' id='word_1_39' title='bbox 673 608 701 666; x_wconf 92' lang='lat' dir='ltr'><strong>in</strong></span> <span class='ocrx_word' id='word_1_40' title='bbox 717 625 805 686; x_wconf 88' lang='lat' dir='ltr'><strong>passo</strong></span> <span class='ocrx_word' id='word_1_41' title='bbox 827 606 887 666; x_wconf 91' lang='lat' dir='ltr'><strong>dari</strong></span> <span class='ocrx_word' id='word_1_42' title='bbox 910 615 990 685; x_wconf 91' lang='lat' dir='ltr'><strong>potu.</strong></span> <span class='ocrx_word' id='word_1_43' title='bbox 1022 615 1087 665; x_wconf 91' lang='lat' dir='ltr'><strong>sunt</strong></span> 
     </span>
     <span class='ocr_line' id='line_1_6' title="bbox 64 690 1084 770; baseline -0.003 -20"><span class='ocrx_word' id='word_1_44' title='bbox 64 691 140 767; x_wconf 82' lang='lat' dir='ltr'><strong>squi</strong></span> <span class='ocrx_word' id='word_1_45' title='bbox 157 690 377 770; x_wconf 76' lang='lat' dir='ltr'><strong>Astypalaeicas</strong></span> <span class='ocrx_word' id='word_1_46' title='bbox 394 690 610 752; x_wconf 89' lang='lat' dir='ltr'><strong>eilicacissimas</strong></span> <span class='ocrx_word' id='word_1_47' title='bbox 627 700 726 770; x_wconf 88' lang='lat' dir='ltr'><strong>putent</strong></span> <span class='ocrx_word' id='word_1_48' title='bbox 749 701 778 751; x_wconf 90' lang='lat' dir='ltr'><strong>et</strong></span> <span class='ocrx_word' id='word_1_49' title='bbox 799 694 826 751; x_wconf 94' lang='lat' dir='ltr'><strong>iu</strong></span> <span class='ocrx_word' id='word_1_50' title='bbox 841 691 885 750; x_wconf 92' lang='lat' dir='ltr'><strong>bis</strong></span> <span class='ocrx_word' id='word_1_51' title='bbox 902 692 957 750; x_wconf 92' lang='lat' dir='ltr'><strong>ima</strong></span> <span class='ocrx_word' id='word_1_52' title='bbox 976 707 1084 765; x_wconf 89' lang='lat' dir='ltr'><strong>earum,</strong></span> 
     </span>
     <span class='ocr_line' id='line_1_7' title="bbox 89 773 1083 854; baseline -0.003 -21"><span class='ocrx_word' id='word_1_53' title='bbox 89 807 133 819; x_wconf 91' lang='lat'><em>-</em></span> <span class='ocrx_word' id='word_1_54' title='bbox 148 774 260 850; x_wconf 76' lang='lat' dir='ltr'><strong>gryllus</strong></span> <span class='ocrx_word' id='word_1_55' title='bbox 275 774 422 835; x_wconf 81' lang='lat' dir='ltr'><strong>infricatus</strong></span> <span class='ocrx_word' id='word_1_56' title='bbox 438 783 485 835; x_wconf 93' lang='lat' dir='ltr'><strong>aut</strong></span> <span class='ocrx_word' id='word_1_57' title='bbox 509 776 533 833; x_wconf 93' lang='lat' dir='ltr'><strong>si</strong></span> <span class='ocrx_word' id='word_1_58' title='bbox 548 775 611 852; x_wconf 91' lang='lat' dir='ltr'><strong>quis</strong></span> <span class='ocrx_word' id='word_1_59' title='bbox 626 774 756 835; x_wconf 87' lang='lat' dir='ltr'><strong>manibus</strong></span> <span class='ocrx_word' id='word_1_60' title='bbox 772 775 875 854; x_wconf 89' lang='lat' dir='ltr'><strong>quibus</strong></span> <span class='ocrx_word' id='word_1_61' title='bbox 898 792 963 834; x_wconf 91' lang='lat' dir='ltr'><strong>eum</strong></span> <span class='ocrx_word' id='word_1_62' title='bbox 979 773 1083 833; x_wconf 92' lang='lat' dir='ltr'><strong>contri·</strong></span> 
     </span>
     <span class='ocr_line' id='line_1_8' title="bbox 92 857 455 936; baseline 0.003 -21"><span class='ocrx_word' id='word_1_63' title='bbox 92 859 167 915; x_wconf 89' lang='lat' dir='ltr'><strong>verit</strong></span> <span class='ocrx_word' id='word_1_64' title='bbox 181 857 312 918; x_wconf 86' lang='lat' dir='ltr'><strong>tonsillas</strong></span> <span class='ocrx_word' id='word_1_65' title='bbox 327 859 455 936; x_wconf 85' lang='lat' dir='ltr'><strong>attingat.</strong></span> 
     </span>
     <span class='ocr_line' id='line_1_9' title="bbox 129 939 1131 1019; baseline 0.004 -19"><span class='ocrx_word' id='word_1_66' title='bbox 129 992 143 1000; x_wconf 20' lang='lat' dir='ltr'><strong>r,</strong></span> <span class='ocrx_word' id='word_1_67' title='bbox 157 939 240 1019; x_wconf 76' lang='grc' dir='ltr'><strong>(12.)Ι</strong></span> <span class='ocrx_word' id='word_1_68' title='bbox 260 940 382 1018; x_wconf 83' lang='lat' dir='ltr'><strong>hugiuis</strong></span> <span class='ocrx_word' id='word_1_69' title='bbox 397 942 467 1003; x_wconf 84' lang='lat' dir='ltr'><strong>lello</strong></span> <span class='ocrx_word' id='word_1_70' title='bbox 487 942 621 1002; x_wconf 90' lang='lat' dir='ltr'><strong>anserino</strong></span> <span class='ocrx_word' id='word_1_71' title='bbox 638 941 838 1007; x_wconf 85' lang='lat' dir='ltr'><strong>cum.elaterio</strong></span> <span class='ocrx_word' id='word_1_72' title='bbox 861 950 889 1001; x_wconf 87' lang='lat' dir='ltr'><strong>ct</strong></span> <span class='ocrx_word' id='word_1_73' title='bbox 902 941 990 1000; x_wconf 89' lang='lat' dir='ltr'><strong>melle</strong></span> <span class='ocrx_word' id='word_1_74' title='bbox 1005 939 1081 1000; x_wconf 88' lang='lat' dir='ltr'><strong>citis·</strong></span> <span class='ocrx_word' id='word_1_75' title='bbox 1094 950 1131 1003; x_wconf 79' lang='lat'><strong>33</strong></span> 
     </span>
     <span class='ocr_line' id='line_1_10' title="bbox 91 1023 1086 1101; baseline -0.002 -17"><span class='ocrx_word' id='word_1_76' title='bbox 91 1025 161 1084; x_wconf 90' lang='lat' dir='ltr'><strong>sima</strong></span> <span class='ocrx_word' id='word_1_77' title='bbox 178 1026 362 1100; x_wconf 79' lang='lat' dir='ltr'><strong>succurritur,</strong></span> <span class='ocrx_word' id='word_1_78' title='bbox 379 1025 502 1085; x_wconf 88' lang='lat' dir='ltr'><strong>cerebro</strong></span> <span class='ocrx_word' id='word_1_79' title='bbox 516 1034 649 1100; x_wconf 86' lang='lat' dir='ltr'><strong>noctuae,</strong></span> <span class='ocrx_word' id='word_1_80' title='bbox 671 1028 769 1085; x_wconf 90' lang='lat' dir='ltr'><strong>cincre</strong></span> <span class='ocrx_word' id='word_1_81' title='bbox 783 1023 938 1084; x_wconf 89' lang='lat' dir='ltr'><strong>hirundinis</strong></span> <span class='ocrx_word' id='word_1_82' title='bbox 954 1043 993 1084; x_wconf 87' lang='lat' dir='ltr'><strong>cx</strong></span> <span class='ocrx_word' id='word_1_83' title='bbox 1012 1040 1086 1101; x_wconf 87' lang='lat' dir='ltr'><strong>aqua</strong></span> 
     </span>
    </p>

    <p class='ocr_par' dir='ltr' id='par_1_3' title="bbox 56 1105 1086 1518">
     <span class='ocr_line' id='line_1_11' title="bbox 56 1105 1086 1187; baseline -0.003 -19"><span class='ocrx_word' id='word_1_84' title='bbox 56 1127 81 1168; x_wconf 99' lang='grc' dir='ltr'><strong>ιο</strong></span> <span class='ocrx_word' id='word_1_85' title='bbox 92 1106 182 1168; x_wconf 90' lang='lat' dir='ltr'><strong>calida</strong></span> <span class='ocrx_word' id='word_1_86' title='bbox 198 1116 279 1186; x_wconf 93' lang='lat' dir='ltr'><strong>poto.</strong></span> <span class='ocrx_word' id='word_1_87' title='bbox 315 1108 397 1167; x_wconf 94' lang='lat' dir='ltr'><strong>huius</strong></span> <span class='ocrx_word' id='word_1_88' title='bbox 414 1108 573 1168; x_wconf 85' lang='lat' dir='ltr'><strong>medicinae</strong></span> <span class='ocrx_word' id='word_1_89' title='bbox 591 1116 692 1167; x_wconf 86' lang='lat' dir='ltr'><strong>auctor</strong></span> <span class='ocrx_word' id='word_1_90' title='bbox 716 1116 760 1167; x_wconf 92' lang='lat' dir='ltr'><strong>est</strong></span> <span class='ocrx_word' id='word_1_91' title='bbox 776 1107 892 1168; x_wconf 84' lang='lat' dir='ltr'><strong>Ovidius</strong></span> <span class='ocrx_word' id='word_1_92' title='bbox 907 1116 1005 1187; x_wconf 92' lang='lat' dir='ltr'><strong>poeta.</strong></span> <span class='ocrx_word' id='word_1_93' title='bbox 1034 1105 1086 1165; x_wconf 88' lang='lat' dir='ltr'><strong>sed</strong></span> 
     </span>
     <span class='ocr_line' id='line_1_12' title="bbox 90 1189 1086 1269; baseline -0.003 -19"><span class='ocrx_word' id='word_1_94' title='bbox 90 1191 274 1250; x_wconf 87' lang='lat' dir='ltr'><strong>ellicaoiores</strong></span> <span class='ocrx_word' id='word_1_95' title='bbox 290 1190 325 1249; x_wconf 91' lang='lat' dir='ltr'><strong>ad</strong></span> <span class='ocrx_word' id='word_1_96' title='bbox 341 1194 434 1251; x_wconf 91' lang='lat' dir='ltr'><strong>omnia</strong></span> <span class='ocrx_word' id='word_1_97' title='bbox 452 1209 526 1269; x_wconf 87' lang='lat' dir='ltr'><strong>quae</strong></span> <span class='ocrx_word' id='word_1_98' title='bbox 542 1210 580 1250; x_wconf 89' lang='lat' dir='ltr'><strong>ex</strong></span> <span class='ocrx_word' id='word_1_99' title='bbox 594 1189 789 1251; x_wconf 89' lang='lat' dir='ltr'><strong>hirundinibus</strong></span> <span class='ocrx_word' id='word_1_100' title='bbox 805 1200 996 1251; x_wconf 88' lang='lat' dir='ltr'><strong>monstrantur</strong></span> <span class='ocrx_word' id='word_1_101' title='bbox 1016 1189 1086 1269; x_wconf 95' lang='lat' dir='ltr'><strong>pulli</strong></span> 
     </span>
     <span class='ocr_line' id='line_1_13' title="bbox 90 1272 1084 1352; baseline -0.001 -19"><span class='ocrx_word' id='word_1_102' title='bbox 90 1273 274 1344; x_wconf 88' lang='lat' dir='ltr'><strong>silvestrium,</strong></span> <span class='ocrx_word' id='word_1_103' title='bbox 291 1303 334 1318; x_wconf 81' lang='lat'>—</span> <span class='ocrx_word' id='word_1_104' title='bbox 348 1273 438 1350; x_wconf 90' lang='lat' dir='ltr'><strong>ligura</strong></span> <span class='ocrx_word' id='word_1_105' title='bbox 452 1272 581 1333; x_wconf 89' lang='lat' dir='ltr'><strong>nidorum</strong></span> <span class='ocrx_word' id='word_1_106' title='bbox 597 1291 646 1333; x_wconf 91' lang='lat' dir='ltr'><strong>eas</strong></span> <span class='ocrx_word' id='word_1_107' title='bbox 665 1273 868 1352; x_wconf 83' lang='lat' dir='ltr'><strong>deprehendit,</strong></span> <span class='ocrx_word' id='word_1_108' title='bbox 882 1307 925 1319; x_wconf 94' lang='lat'><em>-</em></span> <span class='ocrx_word' id='word_1_109' title='bbox 938 1273 1027 1333; x_wconf 91' lang='lat' dir='ltr'><strong>multo</strong></span> <span class='ocrx_word' id='word_1_110' title='bbox 1044 1283 1084 1332; x_wconf 88' lang='lat' dir='ltr'><strong>ta·</strong></span> 
     </span>
     <span class='ocr_line' id='line_1_14' title="bbox 90 1354 1085 1435; baseline -0.003 -19"><span class='ocrx_word' id='word_1_111' title='bbox 90 1374 155 1416; x_wconf 90' lang='lat' dir='ltr'><strong>men</strong></span> <span class='ocrx_word' id='word_1_112' title='bbox 172 1354 367 1414; x_wconf 89' lang='lat' dir='ltr'><strong>ellicacissimi</strong></span> <span class='ocrx_word' id='word_1_113' title='bbox 384 1357 553 1434; x_wconf 91' lang='lat' dir='ltr'><strong>ripariarum</strong></span> <span class='ocrx_word' id='word_1_114' title='bbox 569 1356 648 1435; x_wconf 89' lang='lat' dir='ltr'><strong>pulli.</strong></span> <span class='ocrx_word' id='word_1_115' title='bbox 679 1359 718 1417; x_wconf 90' lang='lat' dir='ltr'><strong>ita</strong></span> <span class='ocrx_word' id='word_1_116' title='bbox 731 1365 837 1416; x_wconf 84' lang='lat' dir='ltr'><strong>vocant</strong></span> <span class='ocrx_word' id='word_1_117' title='bbox 852 1356 881 1414; x_wconf 89' lang='lat' dir='ltr'><strong>iu</strong></span> <span class='ocrx_word' id='word_1_118' title='bbox 898 1357 1022 1435; x_wconf 90' lang='lat' dir='ltr'><strong>riparum</strong></span> <span class='ocrx_word' id='word_1_119' title='bbox 1039 1373 1085 1414; x_wconf 88' lang='lat' dir='ltr'><strong>ca·</strong></span> 
     </span>
     <span class='ocr_line' id='line_1_15' title="bbox 91 1437 1084 1518; baseline -0.003 -19"><span class='ocrx_word' id='word_1_120' title='bbox 91 1442 136 1499; x_wconf 87' lang='lat' dir='ltr'><strong>vis</strong></span> <span class='ocrx_word' id='word_1_121' title='bbox 150 1437 330 1498; x_wconf 86' lang='lat' dir='ltr'><strong>nidificantis.</strong></span> <span class='ocrx_word' id='word_1_122' title='bbox 363 1440 443 1499; x_wconf 91' lang='lat' dir='ltr'><strong>multi</strong></span> <span class='ocrx_word' id='word_1_123' title='bbox 464 1441 669 1518; x_wconf 86' lang='lat' dir='ltr'><strong>cuiuscumque</strong></span> <span class='ocrx_word' id='word_1_124' title='bbox 689 1439 847 1499; x_wconf 88' lang='lat' dir='ltr'><strong>hirundinis</strong></span> <span class='ocrx_word' id='word_1_125' title='bbox 872 1439 980 1518; x_wconf 93' lang='lat' dir='ltr'><strong>pullum</strong></span> <span class='ocrx_word' id='word_1_126' title='bbox 999 1437 1084 1497; x_wconf 87' lang='lat' dir='ltr'><strong>edorr-</strong></span> 
     </span>
    </p>

    <p class='ocr_par' dir='ltr' id='par_1_4' title="bbox 57 1521 1129 1936">
     <span class='ocr_line' id='line_1_16' title="bbox 57 1521 1129 1598; baseline 0.001 -14"><span class='ocrx_word' id='word_1_127' title='bbox 57 1543 81 1584; x_wconf 78' lang='grc' dir='ltr'><strong>ιι</strong></span> <span class='ocrx_word' id='word_1_128' title='bbox 93 1522 157 1583; x_wconf 93' lang='lat' dir='ltr'><strong>dum</strong></span> <span class='ocrx_word' id='word_1_129' title='bbox 176 1530 313 1597; x_wconf 90' lang='lat' dir='ltr'><strong>censent,</strong></span> <span class='ocrx_word' id='word_1_130' title='bbox 333 1532 363 1582; x_wconf 87' lang='lat' dir='ltr'><strong>ut</strong></span> <span class='ocrx_word' id='word_1_131' title='bbox 378 1531 439 1583; x_wconf 89' lang='lat' dir='ltr'><strong>toto</strong></span> <span class='ocrx_word' id='word_1_132' title='bbox 454 1540 528 1583; x_wconf 90' lang='lat' dir='ltr'><strong>auno</strong></span> <span class='ocrx_word' id='word_1_133' title='bbox 544 1541 601 1583; x_wconf 89' lang='lat' dir='ltr'><strong>uon</strong></span> <span class='ocrx_word' id='word_1_134' title='bbox 615 1531 755 1584; x_wconf 88' lang='lat' dir='ltr'><strong>metuatur</strong></span> <span class='ocrx_word' id='word_1_135' title='bbox 771 1521 799 1583; x_wconf 90' lang='lat' dir='ltr'><strong>id</strong></span> <span class='ocrx_word' id='word_1_136' title='bbox 814 1522 927 1582; x_wconf 93' lang='lat' dir='ltr'><strong>malum.</strong></span> <span class='ocrx_word' id='word_1_137' title='bbox 954 1529 1082 1598; x_wconf 91' lang='lat' dir='ltr'><strong>strangu·</strong></span> <span class='ocrx_word' id='word_1_138' title='bbox 1094 1531 1129 1584; x_wconf 79' lang='lat'><strong>34</strong></span> 
     </span>
     <span class='ocr_line' id='line_1_17' title="bbox 92 1605 1085 1683; baseline -0.004 -16"><span class='ocrx_word' id='word_1_139' title='bbox 92 1608 167 1667; x_wconf 90' lang='lat' dir='ltr'><strong>latos</strong></span> <span class='ocrx_word' id='word_1_140' title='bbox 187 1623 250 1664; x_wconf 91' lang='lat' dir='ltr'><strong>oum</strong></span> <span class='ocrx_word' id='word_1_141' title='bbox 265 1608 403 1683; x_wconf 88' lang='lat' dir='ltr'><strong>sauguine</strong></span> <span class='ocrx_word' id='word_1_142' title='bbox 418 1605 586 1666; x_wconf 89' lang='lat' dir='ltr'><strong>comburunt</strong></span> <span class='ocrx_word' id='word_1_143' title='bbox 605 1607 633 1666; x_wconf 93' lang='lat' dir='ltr'><strong>iu</strong></span> <span class='ocrx_word' id='word_1_144' title='bbox 653 1625 723 1667; x_wconf 86' lang='lat' dir='ltr'><strong>vaso</strong></span> <span class='ocrx_word' id='word_1_145' title='bbox 742 1606 912 1666; x_wconf 87' lang='lat' dir='ltr'><strong>etcinerem</strong></span> <span class='ocrx_word' id='word_1_146' title='bbox 934 1623 996 1665; x_wconf 89' lang='lat' dir='ltr'><strong>cum</strong></span> <span class='ocrx_word' id='word_1_147' title='bbox 1011 1622 1085 1683; x_wconf 86' lang='lat' dir='ltr'><strong>pana</strong></span> 
     </span>
     <span class='ocr_line' id='line_1_18' title="bbox 93 1687 1085 1769; baseline -0.003 -20"><span class='ocrx_word' id='word_1_148' title='bbox 93 1698 139 1749; x_wconf 87' lang='lat' dir='ltr'><strong>aut</strong></span> <span class='ocrx_word' id='word_1_149' title='bbox 157 1697 227 1767; x_wconf 90' lang='lat' dir='ltr'><strong>potu</strong></span> <span class='ocrx_word' id='word_1_150' title='bbox 246 1687 322 1748; x_wconf 84' lang='lat' dir='ltr'><strong>daut.</strong></span> <span class='ocrx_word' id='word_1_151' title='bbox 352 1689 508 1768; x_wconf 83' lang='lat' dir='ltr'><strong>quidamst</strong></span> <span class='ocrx_word' id='word_1_152' title='bbox 527 1690 667 1750; x_wconf 88' lang='lat' dir='ltr'><strong>mustelae</strong></span> <span class='ocrx_word' id='word_1_153' title='bbox 686 1691 799 1750; x_wconf 87' lang='lat' dir='ltr'><strong>cineres</strong></span> <span class='ocrx_word' id='word_1_154' title='bbox 820 1690 882 1769; x_wconf 91' lang='lat' dir='ltr'><strong>pari</strong></span> <span class='ocrx_word' id='word_1_155' title='bbox 898 1687 983 1750; x_wconf 93' lang='lat' dir='ltr'><strong>modo</strong></span> <span class='ocrx_word' id='word_1_156' title='bbox 999 1687 1085 1748; x_wconf 91' lang='lat' dir='ltr'><strong>admi·</strong></span> 
     </span>
     <span class='ocr_line' id='line_1_19' title="bbox 92 1771 1086 1835; baseline -0.002 -3"><span class='ocrx_word' id='word_1_157' title='bbox 92 1781 183 1833; x_wconf 90' lang='lat' dir='ltr'><strong>sceut.</strong></span> <span class='ocrx_word' id='word_1_158' title='bbox 205 1773 248 1832; x_wconf 91' lang='lat' dir='ltr'><strong>sic</strong></span> <span class='ocrx_word' id='word_1_159' title='bbox 263 1781 292 1832; x_wconf 88' lang='lat' dir='ltr'><strong>et</strong></span> <span class='ocrx_word' id='word_1_160' title='bbox 307 1773 342 1833; x_wconf 94' lang='lat' dir='ltr'><strong>ad</strong></span> <span class='ocrx_word' id='word_1_161' title='bbox 359 1781 483 1835; x_wconf 87' lang='lat' dir='ltr'><strong>strumae</strong></span> <span class='ocrx_word' id='word_1_162' title='bbox 499 1773 628 1834; x_wconf 87' lang='lat' dir='ltr'><strong>remedia</strong></span> <span class='ocrx_word' id='word_1_163' title='bbox 645 1774 710 1834; x_wconf 89' lang='lat' dir='ltr'><strong>daut</strong></span> <span class='ocrx_word' id='word_1_164' title='bbox 726 1783 755 1834; x_wconf 89' lang='lat' dir='ltr'><strong>et</strong></span> <span class='ocrx_word' id='word_1_165' title='bbox 771 1773 962 1834; x_wconf 87' lang='lat' dir='ltr'><strong>comitialibus</strong></span> <span class='ocrx_word' id='word_1_166' title='bbox 979 1771 1086 1832; x_wconf 88' lang='lat' dir='ltr'><strong>cotidie</strong></span> 
     </span>
     <span class='ocr_line' id='line_1_20' title="bbox 92 1855 1086 1936; baseline -0.003 -19"><span class='ocrx_word' id='word_1_167' title='bbox 92 1856 221 1935; x_wconf 83' lang='lat' dir='ltr'><strong>potuim</strong></span> <span class='ocrx_word' id='word_1_168' title='bbox 233 1856 297 1915; x_wconf 90' lang='lat' dir='ltr'><strong>sale</strong></span> <span class='ocrx_word' id='word_1_169' title='bbox 305 1874 421 1936; x_wconf 86' lang='lat' dir='ltr'><strong>quoque</strong></span> <span class='ocrx_word' id='word_1_170' title='bbox 433 1867 566 1918; x_wconf 87' lang='lat' dir='ltr'><strong>servatae</strong></span> <span class='ocrx_word' id='word_1_171' title='bbox 582 1857 745 1917; x_wconf 89' lang='lat' dir='ltr'><strong>hirundines</strong></span> <span class='ocrx_word' id='word_1_172' title='bbox 757 1857 794 1917; x_wconf 90' lang='lat' dir='ltr'><strong>ad</strong></span> <span class='ocrx_word' id='word_1_173' title='bbox 809 1859 941 1933; x_wconf 81' lang='lat' dir='ltr'><strong>anginam</strong></span> <span class='ocrx_word' id='word_1_174' title='bbox 953 1855 1086 1917; x_wconf 88' lang='lat' dir='ltr'><strong>drachma</strong></span> 
     </span>
    </p>

    <p class='ocr_par' dir='ltr' id='par_1_5' title="bbox 56 1937 1130 2351">
     <span class='ocr_line' id='line_1_21' title="bbox 56 1937 1130 2018; baseline 0.004 -20"><span class='ocrx_word' id='word_1_175' title='bbox 56 1940 235 2013; x_wconf 72' lang='lat' dir='ltr'><strong>subduntur,</strong></span> <span class='ocrx_word' id='word_1_176' title='bbox 255 1957 299 1999; x_wconf 91' lang='lat' dir='ltr'><strong>cur</strong></span> <span class='ocrx_word' id='word_1_177' title='bbox 292 1940 389 1999; x_wconf 92' lang='lat' dir='ltr'><strong>malo</strong></span> <span class='ocrx_word' id='word_1_178' title='bbox 406 1949 435 2000; x_wconf 89' lang='lat' dir='ltr'><strong>et</strong></span> <span class='ocrx_word' id='word_1_179' title='bbox 449 1940 529 1999; x_wconf 88' lang='lat' dir='ltr'><strong>uidus</strong></span> <span class='ocrx_word' id='word_1_180' title='bbox 547 1958 643 2000; x_wconf 89' lang='lat' dir='ltr'><strong>earum</strong></span> <span class='ocrx_word' id='word_1_181' title='bbox 655 1939 762 1999; x_wconf 89' lang='lat' dir='ltr'><strong>mederi</strong></span> <span class='ocrx_word' id='word_1_182' title='bbox 779 1938 880 1999; x_wconf 89' lang='lat' dir='ltr'><strong>dicitur</strong></span> <span class='ocrx_word' id='word_1_183' title='bbox 897 1949 992 2018; x_wconf 87' lang='lat' dir='ltr'><strong>potus.</strong></span> <span class='ocrx_word' id='word_1_184' title='bbox 1015 1937 1086 1997; x_wconf 89' lang='lat' dir='ltr'><strong>blili·</strong></span> <span class='ocrx_word' id='word_1_185' title='bbox 1095 1949 1130 2001; x_wconf 78' lang='lat'><strong>35</strong></span> 
     </span>
     <span class='ocr_line' id='line_1_22' title="bbox 93 2021 1087 2102; baseline -0.003 -21"><span class='ocrx_word' id='word_1_186' title='bbox 93 2023 196 2101; x_wconf 91' lang='lat' dir='ltr'><strong>pedam</strong></span> <span class='ocrx_word' id='word_1_187' title='bbox 218 2021 296 2080; x_wconf 93' lang='lat' dir='ltr'><strong>inlini</strong></span> <span class='ocrx_word' id='word_1_188' title='bbox 319 2024 430 2098; x_wconf 85' lang='lat' dir='ltr'><strong>anginis</strong></span> <span class='ocrx_word' id='word_1_189' title='bbox 452 2023 681 2083; x_wconf 85' lang='lat' dir='ltr'><strong>efficacissimum</strong></span> <span class='ocrx_word' id='word_1_190' title='bbox 702 2031 809 2102; x_wconf 91' lang='lat' dir='ltr'><strong>putant</strong></span> <span class='ocrx_word' id='word_1_191' title='bbox 837 2022 885 2082; x_wconf 88' lang='lat' dir='ltr'><strong>alii</strong></span> <span class='ocrx_word' id='word_1_192' title='bbox 905 2021 946 2081; x_wconf 93' lang='lat' dir='ltr'><strong>Xl</strong></span> <span class='ocrx_word' id='word_1_193' title='bbox 961 2023 1042 2080; x_wconf 90' lang='lat' dir='ltr'><strong>tritas</strong></span> <span class='ocrx_word' id='word_1_194' title='bbox 1058 2021 1087 2079; x_wconf 92' lang='lat' dir='ltr'><strong>iu</strong></span> 
     </span>
     <span class='ocr_line' id='line_1_23' title="bbox 94 2102 1087 2202; baseline -0.003 -37"><span class='ocrx_word' id='word_1_195' title='bbox 94 2123 185 2202; x_wconf 80' lang='lat' dir='ltr'><strong>aquae</strong></span> <span class='ocrx_word' id='word_1_196' title='bbox 199 2104 307 2164; x_wconf 87' lang='lat' dir='ltr'><strong>mulsae</strong></span> <span class='ocrx_word' id='word_1_197' title='bbox 323 2105 435 2165; x_wconf 86' lang='lat' dir='ltr'><strong>hemina</strong></span> <span class='ocrx_word' id='word_1_198' title='bbox 451 2124 503 2184; x_wconf 93' lang='lat' dir='ltr'><strong>per</strong></span> <span class='ocrx_word' id='word_1_199' title='bbox 518 2104 703 2166; x_wconf 90' lang='lat' dir='ltr'><strong>harundinem</strong></span> <span class='ocrx_word' id='word_1_200' title='bbox 718 2104 789 2182; x_wconf 91' lang='lat' dir='ltr'><strong>dari,</strong></span> <span class='ocrx_word' id='word_1_201' title='bbox 807 2106 940 2183; x_wconf 86' lang='lat' dir='ltr'><strong>quoniam</strong></span> <span class='ocrx_word' id='word_1_202' title='bbox 954 2102 1087 2164; x_wconf 88' lang='lat' dir='ltr'><strong>dentibus</strong></span> 
     </span>
     <span class='ocr_line' id='line_1_24' title="bbox 93 2187 1085 2266; baseline -0.002 -18"><span class='ocrx_word' id='word_1_203' title='bbox 93 2190 177 2248; x_wconf 89' lang='lat' dir='ltr'><strong>tactis</strong></span> <span class='ocrx_word' id='word_1_204' title='bbox 196 2187 264 2246; x_wconf 93' lang='lat' dir='ltr'><strong>uibil</strong></span> <span class='ocrx_word' id='word_1_205' title='bbox 281 2190 402 2266; x_wconf 87' lang='lat' dir='ltr'><strong>prosint.</strong></span> <span class='ocrx_word' id='word_1_206' title='bbox 435 2189 547 2249; x_wconf 91' lang='lat' dir='ltr'><strong>tradunt</strong></span> <span class='ocrx_word' id='word_1_207' title='bbox 562 2198 591 2250; x_wconf 89' lang='lat' dir='ltr'><strong>et</strong></span> <span class='ocrx_word' id='word_1_208' title='bbox 608 2208 717 2250; x_wconf 80' lang='lat' dir='ltr'><strong>murem</strong></span> <span class='ocrx_word' id='word_1_209' title='bbox 737 2207 799 2249; x_wconf 93' lang='lat' dir='ltr'><strong>cum</strong></span> <span class='ocrx_word' id='word_1_210' title='bbox 815 2187 981 2250; x_wconf 82' lang='lat' dir='ltr'><strong>verbenaca</strong></span> <span class='ocrx_word' id='word_1_211' title='bbox 997 2204 1085 2247; x_wconf 87' lang='lat' dir='ltr'><strong>exco-</strong></span> 
     </span>
     <span class='ocr_line' id='line_1_25' title="bbox 94 2270 1086 2351; baseline -0.002 -20"><span class='ocrx_word' id='word_1_212' title='bbox 94 2281 179 2348; x_wconf 88' lang='lat' dir='ltr'><strong>ctum,</strong></span> <span class='ocrx_word' id='word_1_213' title='bbox 195 2271 219 2330; x_wconf 93' lang='lat' dir='ltr'><strong>si</strong></span> <span class='ocrx_word' id='word_1_214' title='bbox 232 2270 343 2331; x_wconf 88' lang='lat' dir='ltr'><strong>bibatur</strong></span> <span class='ocrx_word' id='word_1_215' title='bbox 356 2273 381 2332; x_wconf 90' lang='lat' dir='ltr'><strong>is</strong></span> <span class='ocrx_word' id='word_1_216' title='bbox 395 2271 499 2351; x_wconf 87' lang='lat' dir='ltr'><strong>liquor,</strong></span> <span class='ocrx_word' id='word_1_217' title='bbox 516 2273 644 2334; x_wconf 88' lang='lat' dir='ltr'><strong>remedio</strong></span> <span class='ocrx_word' id='word_1_218' title='bbox 656 2292 734 2350; x_wconf 90' lang='lat' dir='ltr'><strong>esse,</strong></span> <span class='ocrx_word' id='word_1_219' title='bbox 748 2282 778 2332; x_wconf 91' lang='lat' dir='ltr'><strong>et</strong></span> <span class='ocrx_word' id='word_1_220' title='bbox 789 2273 942 2349; x_wconf 87' lang='lat' dir='ltr'><strong>corrigiam</strong></span> <span class='ocrx_word' id='word_1_221' title='bbox 957 2273 1086 2331; x_wconf 90' lang='lat' dir='ltr'><strong>caninam</strong></span> 
     </span>
    </p>

    <p class='ocr_par' dir='ltr' id='par_1_6' title="bbox 57 2354 1130 2765">
     <span class='ocr_line' id='line_1_26' title="bbox 57 2354 1087 2433; baseline -0.001 -19"><span class='ocrx_word' id='word_1_222' title='bbox 57 2364 137 2415; x_wconf 77' lang='lat' dir='ltr'><strong>aster</strong></span> <span class='ocrx_word' id='word_1_223' title='bbox 154 2354 232 2416; x_wconf 89' lang='lat' dir='ltr'><strong>collo</strong></span> <span class='ocrx_word' id='word_1_224' title='bbox 248 2355 467 2430; x_wconf 89' lang='lat' dir='ltr'><strong>circumdatam,</strong></span> <span class='ocrx_word' id='word_1_225' title='bbox 491 2357 584 2416; x_wconf 89' lang='lat' dir='ltr'><strong>limum</strong></span> <span class='ocrx_word' id='word_1_226' title='bbox 599 2354 788 2416; x_wconf 91' lang='lat' dir='ltr'><strong>columbinum</strong></span> <span class='ocrx_word' id='word_1_227' title='bbox 804 2358 870 2416; x_wconf 90' lang='lat' dir='ltr'><strong>vino</strong></span> <span class='ocrx_word' id='word_1_228' title='bbox 888 2365 918 2416; x_wconf 87' lang='lat' dir='ltr'><strong>ot</strong></span> <span class='ocrx_word' id='word_1_229' title='bbox 939 2355 1006 2416; x_wconf 92' lang='lat' dir='ltr'><strong>oleo</strong></span> <span class='ocrx_word' id='word_1_230' title='bbox 1022 2372 1087 2433; x_wconf 92' lang='lat' dir='ltr'><strong>per·</strong></span> 
     </span>
     <span class='ocr_line' id='line_1_27' title="bbox 91 2437 1087 2517; baseline -0.001 -20"><span class='ocrx_word' id='word_1_231' title='bbox 91 2439 217 2497; x_wconf 87' lang='lat' dir='ltr'><strong>mixtum.</strong></span> <span class='ocrx_word' id='word_1_232' title='bbox 246 2437 376 2500; x_wconf 82' lang='lat' dir='ltr'><strong>Cervicis</strong></span> <span class='ocrx_word' id='word_1_233' title='bbox 391 2441 490 2498; x_wconf 90' lang='lat' dir='ltr'><strong>nervis</strong></span> <span class='ocrx_word' id='word_1_234' title='bbox 506 2450 535 2500; x_wconf 89' lang='lat' dir='ltr'><strong>et</strong></span> <span class='ocrx_word' id='word_1_235' title='bbox 550 2439 737 2517; x_wconf 88' lang='lat' dir='ltr'><strong>opisthotono</strong></span> <span class='ocrx_word' id='word_1_236' title='bbox 750 2458 766 2498; x_wconf 90' lang='lat' dir='ltr'><strong>e</strong></span> <span class='ocrx_word' id='word_1_237' title='bbox 779 2439 857 2498; x_wconf 89' lang='lat' dir='ltr'><strong>milvi</strong></span> <span class='ocrx_word' id='word_1_238' title='bbox 872 2438 938 2498; x_wconf 91' lang='lat' dir='ltr'><strong>nido</strong></span> <span class='ocrx_word' id='word_1_239' title='bbox 955 2438 1087 2497; x_wconf 91' lang='lat' dir='ltr'><strong>surculus</strong></span> 
     </span>
     <span class='ocr_line' id='line_1_28' title="bbox 91 2520 1130 2597; baseline 0.006 -20"><span class='ocrx_word' id='word_1_240' title='bbox 91 2521 185 2579; x_wconf 91' lang='lat' dir='ltr'><strong>viticis</strong></span> <span class='ocrx_word' id='word_1_241' title='bbox 197 2520 368 2597; x_wconf 85' lang='lat' dir='ltr'><strong>adalligatus</strong></span> <span class='ocrx_word' id='word_1_242' title='bbox 381 2521 511 2582; x_wconf 90' lang='lat' dir='ltr'><strong>auxiliari</strong></span> <span class='ocrx_word' id='word_1_243' title='bbox 521 2522 633 2582; x_wconf 90' lang='lat' dir='ltr'><strong>dicitur.</strong></span> <span class='ocrx_word' id='word_1_244' title='bbox 663 2524 693 2582; x_wconf 83' lang='grc'><strong>5.</strong></span> <span class='ocrx_word' id='word_1_245' title='bbox 710 2522 824 2582; x_wconf 87' lang='lat' dir='ltr'><strong>strumis</strong></span> <span class='ocrx_word' id='word_1_246' title='bbox 836 2521 1011 2580; x_wconf 85' lang='lat' dir='ltr'><strong>exulceratis</strong></span> <span class='ocrx_word' id='word_1_247' title='bbox 1023 2537 1082 2578; x_wconf 93' lang='lat' dir='ltr'><strong>mu·</strong></span> <span class='ocrx_word' id='word_1_248' title='bbox 1095 2529 1130 2584; x_wconf 89' lang='grc'><strong>36</strong></span> 
     </span>
     <span class='ocr_line' id='line_1_29' title="bbox 92 2602 1086 2682; baseline 0 -23"><span class='ocrx_word' id='word_1_249' title='bbox 92 2602 185 2661; x_wconf 87' lang='lat' dir='ltr'><strong>stelae</strong></span> <span class='ocrx_word' id='word_1_250' title='bbox 201 2605 327 2678; x_wconf 88' lang='lat' dir='ltr'><strong>sanguis,</strong></span> <span class='ocrx_word' id='word_1_251' title='bbox 342 2605 407 2682; x_wconf 91' lang='lat' dir='ltr'><strong>ipsa</strong></span> <span class='ocrx_word' id='word_1_252' title='bbox 419 2603 539 2663; x_wconf 86' lang='lat' dir='ltr'><strong>decocta</strong></span> <span class='ocrx_word' id='word_1_253' title='bbox 552 2605 579 2662; x_wconf 91' lang='lat' dir='ltr'><strong>iu</strong></span> <span class='ocrx_word' id='word_1_254' title='bbox 591 2605 669 2681; x_wconf 90' lang='lat' dir='ltr'><strong>vino,</strong></span> <span class='ocrx_word' id='word_1_255' title='bbox 678 2621 735 2663; x_wconf 91' lang='lat' dir='ltr'><strong>nou</strong></span> <span class='ocrx_word' id='word_1_256' title='bbox 747 2613 840 2664; x_wconf 89' lang='lat' dir='ltr'><strong>tamen</strong></span> <span class='ocrx_word' id='word_1_257' title='bbox 852 2605 940 2663; x_wconf 88' lang='lat' dir='ltr'><strong>seclis</strong></span> <span class='ocrx_word' id='word_1_258' title='bbox 953 2603 1086 2663; x_wconf 89' lang='lat' dir='ltr'><strong>admove·</strong></span> 
     </span>
     <span class='ocr_line' id='line_1_30' title="bbox 93 2685 1085 2765; baseline 0.002 -23"><span class='ocrx_word' id='word_1_259' title='bbox 93 2692 146 2742; x_wconf 92' lang='lat' dir='ltr'><strong>tur.</strong></span> <span class='ocrx_word' id='word_1_260' title='bbox 157 2686 233 2744; x_wconf 89' lang='lat' dir='ltr'><strong>aiunt</strong></span> <span class='ocrx_word' id='word_1_261' title='bbox 242 2694 271 2743; x_wconf 89' lang='lat' dir='ltr'><strong>et</strong></span> <span class='ocrx_word' id='word_1_262' title='bbox 283 2685 348 2748; x_wconf 90' lang='lat' dir='ltr'><strong>cibo</strong></span> <span class='ocrx_word' id='word_1_263' title='bbox 361 2695 501 2765; x_wconf 88' lang='lat' dir='ltr'><strong>sumptam</strong></span> <span class='ocrx_word' id='word_1_264' title='bbox 509 2686 582 2747; x_wconf 81' lang='lat' dir='ltr'><strong>idam</strong></span> <span class='ocrx_word' id='word_1_265' title='bbox 592 2686 721 2762; x_wconf 87' lang='lat' dir='ltr'><strong>eilicore,</strong></span> <span class='ocrx_word' id='word_1_266' title='bbox 729 2687 777 2746; x_wconf 88' lang='lat' dir='ltr'><strong>vel</strong></span> <span class='ocrx_word' id='word_1_267' title='bbox 786 2686 876 2745; x_wconf 89' lang='lat' dir='ltr'><strong>cineri</strong></span> <span class='ocrx_word' id='word_1_268' title='bbox 888 2688 949 2745; x_wconf 89' lang='lat' dir='ltr'><strong>eius</strong></span> <span class='ocrx_word' id='word_1_269' title='bbox 959 2702 1085 2744; x_wconf 87' lang='lat' dir='ltr'><strong>sarmen-</strong></span> 
     </span>
    </p>

    <p class='ocr_par' dir='ltr' id='par_1_7' title="bbox 57 2766 1128 3184">
     <span class='ocr_line' id='line_1_31' title="bbox 57 2766 1086 2847; baseline 0 -18"><span class='ocrx_word' id='word_1_270' title='bbox 57 2788 82 2829; x_wconf 83' lang='lat' dir='ltr'><strong>oo</strong></span> <span class='ocrx_word' id='word_1_271' title='bbox 93 2768 129 2825; x_wconf 91' lang='lat' dir='ltr'><strong>tis</strong></span> <span class='ocrx_word' id='word_1_272' title='bbox 145 2766 312 2828; x_wconf 88' lang='lat' dir='ltr'><strong>combustae</strong></span> <span class='ocrx_word' id='word_1_273' title='bbox 326 2770 464 2830; x_wconf 84' lang='lat' dir='ltr'><strong>miscetur</strong></span> <span class='ocrx_word' id='word_1_274' title='bbox 481 2771 613 2847; x_wconf 85' lang='lat' dir='ltr'><strong>axungia.</strong></span> <span class='ocrx_word' id='word_1_275' title='bbox 641 2769 778 2831; x_wconf 84' lang='lat' dir='ltr'><strong>Lacertus</strong></span> <span class='ocrx_word' id='word_1_276' title='bbox 791 2769 888 2829; x_wconf 90' lang='lat' dir='ltr'><strong>viridis</strong></span> <span class='ocrx_word' id='word_1_277' title='bbox 905 2769 1086 2845; x_wconf 89' lang='lat' dir='ltr'><strong>adalligatur,</strong></span> 
     </span>
     <span class='ocr_line' id='line_1_32' title="bbox 92 2850 1088 2932; baseline 0.002 -23"><span class='ocrx_word' id='word_1_278' title='bbox 92 2859 159 2930; x_wconf 88' lang='lat' dir='ltr'><strong>post</strong></span> <span class='ocrx_word' id='word_1_279' title='bbox 171 2850 233 2911; x_wconf 92' lang='lat' dir='ltr'><strong>dies</strong></span> <span class='ocrx_word' id='word_1_280' title='bbox 244 2850 327 2914; x_wconf 89' lang='lat' dir='ltr'><strong>XXX</strong></span> <span class='ocrx_word' id='word_1_281' title='bbox 341 2852 426 2915; x_wconf 92' lang='lat' dir='ltr'><strong>alium</strong></span> <span class='ocrx_word' id='word_1_282' title='bbox 439 2852 622 2930; x_wconf 87' lang='lat' dir='ltr'><strong>adalligatum</strong></span> <span class='ocrx_word' id='word_1_283' title='bbox 637 2862 763 2932; x_wconf 87' lang='lat' dir='ltr'><strong>oportet.</strong></span> <span class='ocrx_word' id='word_1_284' title='bbox 787 2853 898 2931; x_wconf 91' lang='lat' dir='ltr'><strong>quidam</strong></span> <span class='ocrx_word' id='word_1_285' title='bbox 916 2870 968 2912; x_wconf 92' lang='lat' dir='ltr'><strong>cor</strong></span> <span class='ocrx_word' id='word_1_286' title='bbox 982 2854 1044 2912; x_wconf 91' lang='lat' dir='ltr'><strong>eius</strong></span> <span class='ocrx_word' id='word_1_287' title='bbox 1059 2853 1088 2910; x_wconf 88' lang='lat' dir='ltr'><strong>in</strong></span> 
     </span>
     <span class='ocr_line' id='line_1_33' title="bbox 89 2937 1128 3011; baseline 0.006 -17"><span class='ocrx_word' id='word_1_288' title='bbox 89 2945 232 3011; x_wconf 85' lang='lat' dir='ltr'><strong>argenteo</strong></span> <span class='ocrx_word' id='word_1_289' title='bbox 245 2937 364 2998; x_wconf 86' lang='lat' dir='ltr'><strong>vasculo</strong></span> <span class='ocrx_word' id='word_1_290' title='bbox 379 2947 495 2999; x_wconf 89' lang='lat' dir='ltr'><strong>servant</strong></span> <span class='ocrx_word' id='word_1_291' title='bbox 511 2937 546 2998; x_wconf 91' lang='lat' dir='ltr'><strong>ad</strong></span> <span class='ocrx_word' id='word_1_292' title='bbox 560 2938 725 2999; x_wconf 85' lang='lat' dir='ltr'><strong>feminarum</strong></span> <span class='ocrx_word' id='word_1_293' title='bbox 738 2946 867 3000; x_wconf 81' lang='lat' dir='ltr'><strong>strumas.</strong></span> <span class='ocrx_word' id='word_1_294' title='bbox 892 2938 1018 2997; x_wconf 77' lang='lat' dir='ltr'><strong>Veteres</strong></span> <span class='ocrx_word' id='word_1_295' title='bbox 1035 2953 1082 2995; x_wconf 91' lang='lat' dir='ltr'><strong>co·</strong></span> <span class='ocrx_word' id='word_1_296' title='bbox 1095 2944 1128 3000; x_wconf 83' lang='grc'><strong>37</strong></span> 
     </span>
     <span class='ocr_line' id='line_1_34' title="bbox 92 3019 1085 3098; baseline -0.003 -18"><span class='ocrx_word' id='word_1_297' title='bbox 92 3019 175 3080; x_wconf 89' lang='lat' dir='ltr'><strong>oleae</strong></span> <span class='ocrx_word' id='word_1_298' title='bbox 192 3037 255 3080; x_wconf 91' lang='lat' dir='ltr'><strong>cum</strong></span> <span class='ocrx_word' id='word_1_299' title='bbox 270 3029 344 3082; x_wconf 89' lang='lat' dir='ltr'><strong>testa</strong></span> <span class='ocrx_word' id='word_1_300' title='bbox 360 3041 411 3084; x_wconf 91' lang='lat' dir='ltr'><strong>sua</strong></span> <span class='ocrx_word' id='word_1_301' title='bbox 427 3032 527 3084; x_wconf 85' lang='lat' dir='ltr'><strong>tunsae</strong></span> <span class='ocrx_word' id='word_1_302' title='bbox 540 3021 709 3098; x_wconf 87' lang='lat' dir='ltr'><strong>inlinuntur,</strong></span> <span class='ocrx_word' id='word_1_303' title='bbox 733 3039 881 3083; x_wconf 85' lang='lat' dir='ltr'><strong>maxumae</strong></span> <span class='ocrx_word' id='word_1_304' title='bbox 900 3037 975 3098; x_wconf 88' lang='lat' dir='ltr'><strong>quae</strong></span> <span class='ocrx_word' id='word_1_305' title='bbox 998 3020 1085 3078; x_wconf 90' lang='lat' dir='ltr'><strong>lrute·</strong></span> 
     </span>
     <span class='ocr_line' id='line_1_35' title="bbox 92 3102 1085 3184; baseline -0.005 -20"><span class='ocrx_word' id='word_1_306' title='bbox 92 3105 145 3164; x_wconf 87' lang='lat' dir='ltr'><strong>ctis</strong></span> <span class='ocrx_word' id='word_1_307' title='bbox 162 3102 335 3181; x_wconf 88' lang='lat' dir='ltr'><strong>adbaerent,</strong></span> <span class='ocrx_word' id='word_1_308' title='bbox 355 3109 422 3166; x_wconf 91' lang='lat' dir='ltr'><strong>item</strong></span> <span class='ocrx_word' id='word_1_309' title='bbox 440 3106 509 3166; x_wconf 90' lang='lat' dir='ltr'><strong>cinis</strong></span> <span class='ocrx_word' id='word_1_310' title='bbox 525 3106 654 3184; x_wconf 93' lang='lat' dir='ltr'><strong>aspidum</strong></span> <span class='ocrx_word' id='word_1_311' title='bbox 675 3105 748 3166; x_wconf 87' lang='lat' dir='ltr'><strong>sobo</strong></span> <span class='ocrx_word' id='word_1_312' title='bbox 766 3124 828 3165; x_wconf 91' lang='lat' dir='ltr'><strong>oum</strong></span> <span class='ocrx_word' id='word_1_313' title='bbox 844 3107 955 3164; x_wconf 89' lang='lat' dir='ltr'><strong>taurino</strong></span> <span class='ocrx_word' id='word_1_314' title='bbox 974 3103 1085 3179; x_wconf 89' lang='lat' dir='ltr'><strong>inponi·</strong></span> 
     </span>
    </p>

    <p class='ocr_par' dir='ltr' id='par_1_8' title="bbox 57 3184 1093 3505">
     <span class='ocr_line' id='line_1_36' title="bbox 57 3184 1085 3268; baseline -0.005 -19"><span class='ocrx_word' id='word_1_315' title='bbox 57 3195 147 3263; x_wconf 78' lang='lat' dir='ltr'><strong>satur,</strong></span> <span class='ocrx_word' id='word_1_316' title='bbox 167 3187 305 3263; x_wconf 84' lang='lat' dir='ltr'><strong>anguinus</strong></span> <span class='ocrx_word' id='word_1_317' title='bbox 321 3188 403 3268; x_wconf 90' lang='lat' dir='ltr'><strong>adips</strong></span> <span class='ocrx_word' id='word_1_318' title='bbox 420 3190 523 3249; x_wconf 90' lang='lat' dir='ltr'><strong>mixtos</strong></span> <span class='ocrx_word' id='word_1_319' title='bbox 540 3191 624 3267; x_wconf 90' lang='lat' dir='ltr'><strong>olco,</strong></span> <span class='ocrx_word' id='word_1_320' title='bbox 643 3192 709 3250; x_wconf 93' lang='lat' dir='ltr'><strong>item</strong></span> <span class='ocrx_word' id='word_1_321' title='bbox 727 3189 859 3266; x_wconf 88' lang='lat' dir='ltr'><strong>anguium</strong></span> <span class='ocrx_word' id='word_1_322' title='bbox 874 3187 944 3246; x_wconf 88' lang='lat' dir='ltr'><strong>ciuis</strong></span> <span class='ocrx_word' id='word_1_323' title='bbox 960 3204 998 3244; x_wconf 90' lang='lat' dir='ltr'><strong>ex</strong></span> <span class='ocrx_word' id='word_1_324' title='bbox 1018 3184 1085 3244; x_wconf 90' lang='lat' dir='ltr'><strong>oleo</strong></span> 
     </span>
     <span class='ocr_line' id='line_1_37' title="bbox 91 3269 1085 3352; baseline -0.003 -23"><span class='ocrx_word' id='word_1_325' title='bbox 91 3271 187 3330; x_wconf 89' lang='lat' dir='ltr'><strong>inlitus</strong></span> <span class='ocrx_word' id='word_1_326' title='bbox 198 3270 246 3330; x_wconf 89' lang='lat' dir='ltr'><strong>vel</strong></span> <span class='ocrx_word' id='word_1_327' title='bbox 259 3289 321 3330; x_wconf 88' lang='lat' dir='ltr'><strong>cum</strong></span> <span class='ocrx_word' id='word_1_328' title='bbox 336 3290 412 3332; x_wconf 92' lang='lat' dir='ltr'><strong>cera.</strong></span> <span class='ocrx_word' id='word_1_329' title='bbox 434 3272 530 3333; x_wconf 89' lang='lat' dir='ltr'><strong>edisse</strong></span> <span class='ocrx_word' id='word_1_330' title='bbox 541 3291 655 3352; x_wconf 86' lang='lat' dir='ltr'><strong>quoquc</strong></span> <span class='ocrx_word' id='word_1_331' title='bbox 667 3292 720 3334; x_wconf 89' lang='lat' dir='ltr'><strong>eos</strong></span> <span class='ocrx_word' id='word_1_332' title='bbox 732 3272 842 3332; x_wconf 88' lang='lat' dir='ltr'><strong>medios</strong></span> <span class='ocrx_word' id='word_1_333' title='bbox 856 3269 978 3332; x_wconf 88' lang='lat' dir='ltr'><strong>abscisis</strong></span> <span class='ocrx_word' id='word_1_334' title='bbox 991 3269 1085 3327; x_wconf 90' lang='lat' dir='ltr'><strong>utrim-</strong></span> 
     </span>
     <span class='ocr_line' id='line_1_38' title="bbox 92 3352 1086 3437; baseline -0.001 -25"><span class='ocrx_word' id='word_1_335' title='bbox 92 3371 147 3430; x_wconf 76' lang='lat' dir='ltr'><strong>gre</strong></span> <span class='ocrx_word' id='word_1_336' title='bbox 164 3357 300 3414; x_wconf 88' lang='lat' dir='ltr'><strong>extremis</strong></span> <span class='ocrx_word' id='word_1_337' title='bbox 313 3356 440 3437; x_wconf 90' lang='lat' dir='ltr'><strong>partibus</strong></span> <span class='ocrx_word' id='word_1_338' title='bbox 459 3356 597 3417; x_wconf 90' lang='lat' dir='ltr'><strong>adversus</strong></span> <span class='ocrx_word' id='word_1_339' title='bbox 611 3367 733 3418; x_wconf 89' lang='lat' dir='ltr'><strong>strumas</strong></span> <span class='ocrx_word' id='word_1_340' title='bbox 745 3355 880 3433; x_wconf 88' lang='lat' dir='ltr'><strong>prodest,</strong></span> <span class='ocrx_word' id='word_1_341' title='bbox 902 3352 947 3412; x_wconf 89' lang='lat' dir='ltr'><strong>vel</strong></span> <span class='ocrx_word' id='word_1_342' title='bbox 960 3354 1086 3411; x_wconf 84' lang='lat' dir='ltr'><strong>cinerem</strong></span> 
     </span>
     <span class='ocr_line' id='line_1_39' title="bbox 88 3435 1093 3517; baseline -0.005 -21"><span class='ocrx_word' id='word_1_343' title='bbox 88 3435 245 3497; x_wconf 81' lang='lat' dir='ltr'><strong>bibissem</strong></span> <span class='ocrx_word' id='word_1_344' title='bbox 267 3457 341 3502; x_wconf 90' lang='lat' dir='ltr'><strong>uovo</strong></span> <span class='ocrx_word' id='word_1_345' title='bbox 364 3441 442 3501; x_wconf 89' lang='lat' dir='ltr'><strong>fictili</strong></span> <span class='ocrx_word' id='word_1_346' title='bbox 458 3441 496 3501; x_wconf 92' lang='lat' dir='ltr'><strong>ita</strong></span> <span class='ocrx_word' id='word_1_347' title='bbox 512 3449 718 3517; x_wconf 86' lang='lat' dir='ltr'><strong>crematorum,</strong></span> <span class='ocrx_word' id='word_1_348' title='bbox 739 3439 887 3505; x_wconf 87' lang='lat' dir='ltr'><strong>ellioacius</strong></span> <span class='ocrx_word' id='word_1_349' title='bbox 907 3435 997 3495; x_wconf 88' lang='lat' dir='ltr'><strong>multo</strong></span> <span class='ocrx_word' id='word_1_350' title='bbox 1012 3436 1093 3492; x_wconf 61' lang='lat' dir='ltr'><strong>isaer</strong></span> 
     </span>
    </p>
   </div>
   <div class='ocr_carea' id='block_1_3' title="bbox 0 0 1204 3840">
    <p class='ocr_par' dir='ltr' id='par_1_9' title="bbox 0 0 1204 3840">
     <span class='ocr_line' id='line_1_40' title="bbox 0 0 1204 3840; baseline 0 0"><span class='ocrx_word' id='word_1_351' title='bbox 0 0 1204 3840; x_wconf 95' lang='lat' dir='ltr'><strong> </strong></span> 
     </span>
    </p>
   </div>
  </div>
 </body>
</html>
