2400 3840
277 222 359 270 unu.
373 221 464 269 mrsu.
481 203 594 268 xxrrir.
611 200 653 266 rl.
674 213 713 267 15.
732 204 884 284 (uo-ao.)
1037 194 1078 268 57

84 388 244 456 purpureo.
272 375 386 454 capitur
400 390 544 451 praegnas
561 390 631 432 suco
650 374 679 432 in
692 372 838 451 petrosis,
857 370 996 431 adversus
1017 390 1078 445 ser-

86 461 216 539 pentium
230 476 344 518 venena
361 465 432 535 potu
449 456 590 534 inlituque
606 454 821 530 efficacissima,
833 456 903 513 item
919 454 1078 532 stomacho,

89 543 161 603 tussi
176 548 324 616 vetustae,
345 541 467 619 pituitae
490 541 520 598 in
540 538 608 616 gula
622 538 860 614 cohaerescenti,
885 538 996 615 ruptis,
1011 556 1078 597 cou-

89 624 198 700 volsis,
218 624 319 684 lateris
335 623 496 699 doloribus,
514 622 620 682 lienem
639 622 791 698 consumit,
808 622 917 681 urinam
933 627 964 680 et
983 633 1119 688 men-131

61 718 136 771 sses
152 709 222 783 ciet,
258 706 296 766 ob
321 706 350 766 id
377 705 580 784 incipientibus
601 703 768 783 hydropicis
789 705 908 780 efficax,
945 701 1079 765 manuali-

87 791 142 851 bus
159 791 258 868 scopis
274 791 338 849 eius
360 789 389 848 in
415 789 507 847 tribus
531 787 653 848 heminis
673 805 765 865 aquae
783 786 912 848 decoctis
932 794 1024 865 usque
1044 787 1080 849 ad

88 876 201 933 tertias.
229 865 335 932 faciunt
353 879 383 932 et
398 871 532 950 pastillos
552 874 682 931 terentes
704 886 766 931 eam
789 889 827 931 ex
845 876 919 949 aqua
939 868 974 931 ad
992 889 1079 950 supra

88 957 172 1016 dicta.
205 963 287 1015 sanat
302 963 332 1014 et
346 957 474 1015 vomicas
498 963 528 1014 ot
547 958 651 1014 uetera
666 953 781 1030 ulcera,
803 952 851 1014 'vel
878 952 994 1021 sordida
1017 955 1080 1014 cuni

88 1038 186 1099 melle.
221 1038 252 1097 lit
277 1046 306 1097 et
326 1039 423 1097 vinum
446 1055 484 1096 ex
506 1055 540 1097 ea
561 1038 695 1115 'pectoris
715 1035 804 1097 uitiis.
836 1038 972 1097 foliorum
995 1042 1079 1097 sucus

53 1150 80 1192 ι.
92 1139 156 1182 cnm
174 1120 243 1181 oleo
260 1121 413 1198 caliginem
432 1120 581 1181 oculorum
595 1120 723 1196 discutit,
744 1120 779 1180 ad
794 1119 926 1198 splenem
941 1138 981 1181 ex
995 1128 1081 1182 aceto

90 1206 223 1281 sumitur,
240 1204 391 1264 excalfacit
405 1205 605 1282 perunctione.

92 1360 95 1369 Ι
154 1285 235 1366 (81.)
271 1284 508 1365 chamaedaphne
524 1289 609 1348 unico
628 1284 737 1346 ramulo
753 1295 814 1362 est,-
825 1285 942 1346 cubitali
956 1287 1060 1363 ferme,
1072 1297 1123 1352 138

89 1369 160 1431 iulia
173 1371 307 1431 tenuiora
322 1369 393 1430 lauri
408 1369 499 1446 folio,
512 1387 612 1429 semen
627 1369 734 1428 rubeus
749 1367 891 1427 adnexum
905 1369 993 1430 foliis.
1017 1370 1080 1430 iali-

90 1455 168 1512 nitnr
183 1454 287 1530 capitis
296 1452 447 1513 doloribus
461 1471 577 1528 recens,
594 1450 715 1511 ardores
727 1451 895 1527 refrigerat,
909 1450 945 1512 ad
958 1455 1080 1514 tormina

53 1554 155 1599 ascum
181 1536 250 1594 vino
272 1535 388 1595 bibitur.
417 1553 533 1596 menses
555 1552 640 1594 sucus
663 1535 726 1594 eius
755 1542 785 1595 et
806 1535 914 1594 urinam
936 1536 993 1595 ciet
1009 1543 1080 1614 potu

89 1625 249 1699 partusque
264 1618 391 1678 difficilis
408 1620 437 1678 in
452 1619 515 1679 lana
526 1617 683 1697 adpositus.

152 1700 236 1781 (82.)
267 1696 439 1762 chamelaea
460 1701 673 1772 similitudinem
694 1701 830 1767 loliorum
852 1701 936 1762 oleae
960 1701 1124 1768 habemas

92 1793 158 1845 sunt
173 1792 268 1844 autern
283 1802 393 1862 amara,
423 1784 560 1863 odorata,
587 1787 616 1844 in
636 1785 765 1862 petrosis
787 1785 909 1862 palmum
930 1783 1080 1846 altitudine

91 1885 151 1928 non
169 1866 339 1929 excedente.
370 1867 466 1929 alvom
480 1875 599 1946 purgat,
622 1866 746 1932 detrahit
764 1869 910 1946 pituitam,
933 1868 1021 1928 bilem
1038 1868 1080 1930 io·

54 1959 82 2000 ²⁰
93 1951 140 2012 liis
156 1951 187 2009 in
205 1948 315 2009 duabus
327 1950 451 2011 absinthi
467 1952 596 2030 partibus
615 1950 756 2028 decoctis,
774 1967 846 2011 suco
865 1969 902 2012 eo
918 1969 981 2011 cum
993 1949 1079 2010 melle

91 2042 173 2114 poto.
204 2032 284 2093 foliis
300 2035 434 2113 inpositis
449 2042 479 2094 et
490 2033 588 2094 ulcera
602 2042 768 2112 purgantur.
793 2035 882 2111 aiunt,
899 2035 924 2094 si
942 2035 1006 2112 quis
1014 2041 1080 2094 aute

92 2115 165 2177 solis
182 2123 276 2175 ortum
297 2134 360 2176 eam
382 2118 476 2195 capiat
499 2117 631 2193 dicatque
652 2115 687 2176 ad
702 2117 853 2194 albugines
877 2117 1026 2178 oculorum
1046 2136 1080 2176 se

91 2217 219 2279 capere,
236 2197 393 2278 adalligata·
403 2199 506 2260 discuti
522 2200 551 2260 id
565 2201 681 2278 vitium,
696 2216 813 2278 quoquo
828 2200 914 2262 modo
931 2218 1004 2262 vero
1022 2199 1081 2262 col·

91 2283 196 2344 lectam
210 2284 401 2343 iumentorum
414 2300 610 2362 pecorumque
628 2283 719 2343 oculis
737 2282 891 2344 salutarem
905 2302 982 2345 esse.

56 2386 83 2427 aa
154 2363 237 2444 (83.)
271 2363 466 2443 chamaesyce
481 2366 567 2426 lentis
586 2366 655 2426 folia
671 2365 759 2427 habet
780 2365 851 2427 nihil
871 2387 903 2428 sc
926 2368 1060 2429 attolleu·
1072 2368 1125 2433 '134

91 2451 130 2510 tia
155 2450 186 2508 in
200 2447 288 2509 aridis
303 2451 445 2527 petrosis,
459 2449 583 2510 claritati
601 2449 750 2509 oculorum
771 2457 801 2508 et
816 2458 917 2509 contra
937 2449 1081 2510 subfusio-

90 2550 144 2592 nes
161 2532 342 2591 utilissimum
357 2531 373 2566 ³*
388 2531 406 2566 *
422 2542 452 2592 et
467 2533 636 2609 cicatrices,
661 2531 814 2608 caligines,
829 2532 985 2615 nubeculas
1002 2533 1080 2592 inun-

91 2623 164 2675 ctus.
180 2613 286 2674 volvae
302 2614 422 2674 dolores
440 2615 522 2674 sedat
536 2614 667 2692 adposita
683 2615 712 2672 in
725 2613 857 2673 linteolo.
877 2614 954 2673 tollit
971 2623 1000 2673 et
1016 2632 1081 2674 ver-

92 2712 175 2758 rucas
190 2699 315 2757 omnium
329 2712 470 2774 generum
485 2697 573 2757 inlita.
605 2696 726 2775 prodest
741 2704 771 2756 et
787 2695 995 2774 orthopnoicis.

55 2800 83 2844 ao
152 2779 237 2858 (84.)
269 2778 488 2841 chamaecissos
511 2781 620 2858 spicata
641 2787 687 2840 est
711 2779 797 2840 tritici
817 2779 919 2857 modo,
943 2779 1059 2841 ramulis
1073 2793 1124 2848 135

92 2864 187 2942 quinis
203 2864 280 2939 fere,
295 2862 413 2942 foliosa,
427 2881 490 2923 curn
504 2862 606 2939 floret,
622 2863 779 2923 existimari
794 2870 893 2942 potest
915 2862 980 2923 alba
1003 2864 1082 2926 viola

92 2946 189 3006 radice
221 2947 310 3006 tenui.
348 2945 451 3006 bibunt
474 2945 622 3008 ischiadici
652 2945 721 3005 folia
742 2946 834 3006 tribus
852 2946 948 3007 obolis
973 2949 1003 3007 in
1024 2949 1081 3008 viui

93 3028 204 3106 cyathis
219 3018 332 3088 duobus
349 3026 405 3088 Vll
421 3030 539 3107 diebus,
554 3023 703 3090 admodum
717 3047 811 3092 amara
822 3031 952 3110 potione.

152 3110 236 3191 (85.)
270 3109 499 3173 chamaeleucen
521 3112 595 3192 apud
615 3131 669 3174 nos
690 3114 824 3176 farfarum
847 3119 910 3178 sive
929 3119 1084 3198 farfugium

58 3202 206 3256 avocant.
242 3197 370 3255 nascitur
391 3196 546 3256 secundum
565 3196 686 3274 fluvios,
714 3198 786 3259 folio
809 3200 927 3279 populi,
950 3202 1003 3262 scd
1028 3221 1087 3262 am·

92 3278 197 3357 pliore.
228 3279 311 3339 radix
325 3280 387 3339 eiua
412 3281 560 3356 inponitur
585 3281 760 3340 carbonibus
781 3285 930 3362 cupressi,
952 3292 1038 3364 atquc
1056 3286 1082 3344 is

94 3362 178 3424 nidor
195 3380 250 3442 per
263 3361 469 3422 infundibulum
484 3361 623 3422 inbibitur
637 3364 818 3425 inveteratae
835 3367 916 3426 tussi.

157 3446 237 3525 (86.)
254 3444 471 3524 chamaepeuce
487 3443 582 3505 laricis
597 3445 670 3507 folio
682 3447 783 3508 similis
794 3447 961 3509 lumborum
968 3459 1003 3510 et.
1011 3451 1142 3525 suh-xus
