2400 3840
319 212 400 262 nur.
416 210 507 261 msu.
523 211 621 260 xxxr.
637 210 663 265 9.
679 211 722 262 10.
741 201 876 280 (4146.)
1029 200 1088 264 281

96 376 127 427 et
140 366 295 445 lapidescit
308 364 348 425 ibi
362 366 391 425 in
409 367 538 442 acervis,
554 365 691 445 multique
702 375 767 426 sunt
783 367 886 427 cumuli
900 385 935 427 ea
952 367 989 426 de
1004 384 1091 428 causa

97 453 188 512 saxei.
213 451 321 511 iaciunt
336 467 374 509 ex
388 448 432 508 his
446 466 516 510 vasa
527 495 535 526 ‚
548 467 603 508 nec
618 467 676 510 non
691 450 859 529 frequenter
876 451 1012 529 liquatum
1028 468 1091 510 cunr

97 533 215 611 sulpure
234 542 393 612 coquentes
415 534 443 591 iu
466 531 599 592 carnibus
625 551 741 612 quoque
762 551 834 611 quas
863 534 1018 594 inveterari
1038 552 1089 594 vo·

95 618 156 678 lunt
172 617 224 678 illo
241 619 314 677 nitro
330 624 453 676 utuntur.
484 625 549 676 sunt
562 616 601 675 ibi
621 617 756 677 nitrariae
775 619 804 675 iu
825 616 927 695 quibus
948 626 977 676 et
997 617 1091 676 ruium

72 704 158 762 nexit
170 720 186 762 a
198 701 299 761 colore
312 709 418 760 terrae.
449 700 583 779 spumam
596 701 661 759 uitri
669 747 678 777 ,
698 718 772 778 quae
782 718 912 760 maxume
928 698 1068 776 laudatur,
1081 711 1133 767 112

95 786 202 863 antiqui
219 783 364 861 negabant
377 785 442 844 lieri
461 784 515 843 nisi
531 800 594 842 cum
615 800 665 844 ros
689 782 859 860 cecidisset,
884 782 1090 863 praegnatibus

94 869 235 943 nitrariis,
256 866 308 928 sed
323 867 447 928 nondum
463 866 648 945 parientibus.
679 868 775 944 itaque
796 884 854 928 non
870 868 934 928 lieri
953 867 1090 944 incitatis,

94 953 204 1012 etiarnsi
220 951 347 1011 caderet.
380 951 427 1011 alii
444 967 613 1011 acervorum
624 950 765 1010 fermento
780 952 860 1028 gigni
875 952 1089 1012 existimavere.
1110 964 1112 969 ·

54 1090 61 1101 ,
94 1052 232 1114 proxuma
247 1044 326 1096 aetas
339 1034 519 1095 >medicorum
540 1032 736 1113 aphronitrum
750 1034 863 1095 tradidit
880 1036 908 1094 in
923 1035 994 1094 Asia
1010 1033 1133 1100 col-113

60 1130 84 1172 ro
93 1118 144 1195 ligi
155 1120 183 1177 iu
195 1118 343 1196 speluncis
353 1117 654 1193 mollibusdcstillans‚
669 1151 707 1162 -
717 1135 826 1196 specus
838 1137 891 1179 eos
902 1118 1028 1194 colligas
1039 1135 1088 1177 vo·

94 1210 170 1276 caut,
181 1236 223 1246 -
233 1199 299 1259 dein
312 1201 424 1259 siccant
434 1199 507 1260 sole.
534 1209 678 1279 optumum
690 1209 803 1278 putatur
814 1201 941 1277 Lydium,
953 1200 1088 1279 probatio

93 1293 124 1344 ut
139 1285 176 1343 sit
191 1283 312 1342 minume
328 1283 522 1361 ponderosum
537 1291 567 1342 et
583 1301 713 1344 maxume
728 1283 859 1358 friabile,
876 1285 977 1344 colore
996 1301 1089 1363 paene

94 1382 252 1446 purpureo.
280 1365 337 1425 hoc
351 1368 379 1424 in
391 1365 514 1444 pastillis
529 1365 675 1443 adfertur,
690 1366 866 1445 Aegyptium
876 1369 904 1426 in
919 1368 998 1426 vasis
1009 1368 1088 1443 pica·

93 1454 147 1527 tis,
161 1469 197 1510 ne
212 1449 363 1527 liquescat.
392 1466 462 1508 rasa
474 1467 591 1528 quoque
606 1468 640 1510 ea
654 1449 718 1509 sole
730 1450 922 1510 inarescentia
937 1450 1088 1529 perficiun-

60 1548 84 1588 rc
93 1544 147 1595 tur.
173 1534 220 1613 [4]
234 1531 308 1592 Nitri
324 1531 458 1611 probatio
477 1541 508 1592 ut
523 1535 558 1592 sit
578 1534 773 1593 tenuissimum
788 1542 818 1592 et
837 1551 921 1611 quam
937 1549 1068 1592 maxume
1081 1546 1134 1598 114

94 1633 291 1698 spongeosum
311 1616 539 1694 fistulosumque.
575 1616 753 1677 adulteratur
780 1617 809 1675 in
829 1616 968 1696 Aegypto
995 1615 1088 1693 calce,

93 1700 319 1778 deprehenditur
332 1708 428 1777 gustu.
459 1701 603 1760 sincerum
619 1701 693 1760 enim
708 1700 802 1760 statim
816 1699 989 1777 resolvitur,
1010 1698 1088 1760 adul·

19 1830 21 1834 -
93 1793 214 1845 teratum
227 1785 334 1863 pungit.
365 1783 447 1844 ealce
459 1783 628 1862 adspersum
639 1783 733 1844 reddit
746 1783 867 1845 odorem
877 1783 1088 1846 vehementem.

92 1869 194 1928 utritur
210 1869 237 1926 in
252 1877 327 1928 testa
343 1876 475 1945 opertum
489 1886 526 1926 ne
541 1868 683 1944 exsultet,
698 1867 770 1927 alias
786 1869 846 1944 igni
861 1884 919 1927 nou
936 1866 1033 1928 exsilit
1047 1868 1088 1926 ni·

56 1967 83 2008 ao
93 1961 181 2027 trum,
202 1949 329 2029 nihilque
344 1951 438 2027 gignit
456 1960 502 2010 aut
518 1951 583 2027 alit,
606 1969 669 2011 cum
683 1953 712 2009 in
727 1951 825 2010 salinis
846 1950 955 2010 herbae
969 1951 1087 2026 gignan-

92 2044 137 2095 tur
152 2042 181 2094 et
196 2035 305 2093 inmari
321 2042 363 2092 tot
375 2034 522 2108 animalia,
538 2042 643 2094 tanturn
658 2033 753 2110 algae.
778 2033 831 2093 sed
846 2035 984 2092 maiorem
999 2050 1067 2092 esse
1080 2045 1132 2098 115

92 2116 276 2188 acrimoniam
302 2115 368 2175 nitri
390 2114 510 2194 adparet
531 2134 588 2176 non
610 2116 667 2176 hoc
685 2125 791 2176 tantum
810 2125 977 2193 argumento
992 2115 1045 2175 sed
1060 2125 1090 2175 et

90 2201 142 2261 illo
163 2198 239 2278 quod
253 2198 386 2258 nitrariae
406 2199 592 2260 calciamenta
609 2200 738 2277 protinus
756 2208 935 2276 consumunt,
951 2197 1022 2259 alias
1044 2217 1088 2259 sa-

91 2283 189 2343 lubres
207 2279 414 2362 oculorumque
431 2282 553 2343 claritati
569 2285 666 2344 utiles.
698 2285 727 2344 iu
742 2284 867 2344 nitrariis
883 2301 941 2344 non
955 2283 1087 2363 lippiunt.

55 2383 83 2424 aa
94 2368 190 2427 ulcera
206 2365 300 2426 adlata
315 2383 352 2426 eo
369 2365 520 2427 celerrime
536 2376 688 2442 sanantur,
712 2367 752 2427 ibi
766 2368 842 2428 iacta
858 2366 949 2427 tarde.
988 2369 1045 2427 ciet
1059 2373 1089 2426 et

92 2450 213 2510 sudores
226 2464 292 2508 ‘curn
308 2450 376 2509 oleo
393 2452 540 2527 perunctis
557 2467 723 2528 corpusque
738 2450 856 2510 emollit.
885 2449 1005 2528 lupone
1020 2449 1089 2509 salis

91 2535 158 2594 rice
173 2540 286 2591 utuntur
302 2529 508 2608 Chalestraeo,
524 2532 720 2610 ad·raphanos
735 2533 902 2611 Aegyptio,
926 2533 1089 2592 teneriores

92 2632 146 2674 eos
163 2615 248 2688 lacit,
267 2614 319 2673 sed
334 2615 457 2692 opsonia
477 2615 542 2676 alba
564 2623 594 2674 et
609 2616 770 2692 deteriora,
789 2616 871 2675 olera
887 2614 1034 2675 viridiora.
1060 2616 1090 2675 in

91 2696 232 2757 medicina
243 2705 338 2756 autem
351 2695 503 2775 calefacit,
523 2704 677 2775 extenuat,
692 2699 822 2774 mordet,
842 2699 966 2776 spissat,
986 2698 1087 2774 siccat,

55 2800 81 2842 ao
91 2779 250 2840 exulcerat.
278 2778 347 2839 utile
358 2778 403 2840 his
414 2798 487 2859 quae
504 2781 653 2842 evocanda
665 2782 721 2842 sint
732 2791 781 2842 aut
795 2780 974 2842 discutienda
987 2789 1016 2840 et
1027 2781 1067 2841 le·
1081 2792 1133 2846 116

89 2866 152 2924 nius
165 2861 322 2923 mordenda
337 2870 424 2942 atque
440 2863 635 2941 extenuanda,
652 2866 724 2926 sicut
739 2867 767 2925 in
780 2865 893 2944 papulis
909 2865 1088 2943 pusulisque.

91 2947 202 3026 quidam
218 2947 246 3006 in
261 2947 318 3008 hoc
336 2964 389 3008 usu
410 2966 566 3010 accensum
587 2951 655 3009 vino
678 2958 794 3010 austero
822 2951 984 3026 restingunt
1003 2958 1088 3026 atque

89 3033 127 3092 ita
144 3032 211 3091 trito
224 3031 253 3089 in
268 3030 391 3092 balineis
405 3041 520 3094 utuntur
534 3035 597 3093 sine
616 3033 694 3093 oleo.
724 3033 847 3095 sudores
862 3033 964 3092 nimios
980 3031 1089 3091 inhibet

90 3133 152 3174 oum
177 3114 249 3175 iride
268 3115 347 3175 arida
370 3116 484 3176 adiecto
510 3117 578 3177 oleo
602 3116 704 3193 viridi,
726 3125 862 3177 extenuat
883 3124 913 3175 et
934 3115 1088 3175 cicatrices

55 3215 81 3257 es
91 3198 240 3258 oculorum
254 3206 283 3256 et
297 3197 448 3259 scabritias
461 3216 599 3276 genarum
611 3218 675 3260 cum
686 3201 742 3261 lico
754 3199 863 3260 inlitum
877 3207 924 3258 aut
937 3198 1089 3258 decoctum

89 3283 118 3341 in
140 3298 229 3359 passo
252 3280 288 3341 ad
305 3280 437 3341 dimidias
459 3285 565 3360 partis,
586 3285 653 3343 item
674 3292 774 3343 contra
794 3299 912 3359 argema
940 3279 1089 3340 oculorum

88 3365 230 3442 inungues
242 3363 395 3425 decoctum
411 3381 475 3424 curn
487 3382 575 3443 passo
585 3367 614 3425 iu
628 3366 694 3427 mali
707 3366 805 3425 Punici
818 3365 928 3439 calyce.
954 3363 1067 3424 adiuvat
1080 3372 1129 3430 117

89 3445 246 3508 claritatem
260 3449 341 3510 visus
357 3466 420 3508 curn
437 3448 524 3509 melle
537 3448 692 3509 inunctum.
722 3449 843 3527 prodest
854 3448 980 3508 dentium
991 3446 1095 3506 dolori
