2400 3840
374 205 456 253 unu.
474 205 565 255 uren.
583 206 681 254 xxrx.
699 202 725 258 o.
744 194 821 271 (38.)
1024 198 1085 261 229

91 363 170 423 inlini
186 369 353 422 monstrant.
383 359 499 420 laudant
514 369 544 420 et
559 360 686 438 gallinae
701 359 758 436 iel,
780 368 810 419 et
832 362 989 442 praecipue
1009 363 1132 430 adi-124

92 466 168 526 pem,
186 455 285 506 contra
303 443 421 524 pusulas
441 445 610 523 inpupillis.
652 443 834 504 hasscilicet
857 446 918 504 cius
938 449 980 506 rei
997 449 1089 524 gratia

92 531 232 608 saginant.
270 529 386 589 adiuvat
402 528 522 588 mirifice
545 538 574 588 et
597 537 696 607 ruptas
719 528 868 588 oculorum
885 532 1025 591 tuniculas
1041 531 1089 590 ad·

91 614 186 674 mixtis
202 613 311 674 schisto
334 620 363 671 et
377 612 530 673 haematite
553 612 705 691 lapidibus.
740 613 833 672 limum
848 631 964 693 quoque
981 632 1089 691 earum,

69 699 237 759 sdumtaxat
254 694 413 772 candidum,
430 698 458 754 iu
474 697 541 757 oleo
558 705 658 757 vetere
676 698 850 774 corneisque
867 698 1021 775 pyxidibus
1040 698 1088 759 ad·

93 789 210 841 servant
228 780 263 840 ad
279 780 450 858 pupillarum
465 780 631 858 albugines,
652 797 709 858 qua
723 781 750 839 in
766 784 910 841 mentione
926 782 1088 860 significan·
1134 818 1136 822 ⁴

93 865 157 923 dum
174 873 219 923 est
233 881 364 942 pavones
378 864 473 923 dmum
488 883 568 924 suum
590 863 747 924 resorbere
768 865 840 925 tradi
861 866 1013 926 invidentis
1036 866 1089 925 ho·

92 949 195 1008 minum
210 947 387 1008 utilitatibus.
409 947 558 1028 Accipiter
569 948 709 1009 decoctus
723 949 751 1008 in
762 966 887 1009 rosaceo
900 950 1068 1010 efficacissi·
1081 960 1130 1013 12⁵

91 1051 153 1092 mus
167 1031 204 1092 ad
226 1033 407 1092 inunctiones
424 1034 545 1092 omnium
567 1033 700 1094 vitiorum
718 1041 850 1111 putatur,
872 1035 939 1093 item
956 1035 1013 1095 limi
1028 1033 1090 1093 elus

55 1135 81 1177 1o
92 1119 163 1177 cinis
179 1136 242 1177 cum
259 1117 356 1176 Attico
371 1115 470 1175 melle.
509 1116 642 1176 laudatur
659 1125 688 1194 et
702 1115 780 1175 milvi
796 1119 893 1194 iecur,
909 1118 1005 1179 limum
1020 1136 1089 1196 quo·

91 1221 148 1282 que
164 1199 360 1262 columbarum
376 1217 413 1258 ex
429 1208 513 1259 aceto
533 1199 568 1259 ad
583 1199 747 1278 aegilopia,
771 1200 904 1260 similiter
927 1202 962 1261 ad
977 1201 1089 1278 albugi-

91 1303 144 1343 nes
159 1293 187 1343 et
209 1284 379 1358 cicatrices,
400 1282 446 1342 iel
462 1285 643 1359 anserinum,
665 1285 783 1359 sanguis
807 1292 920 1345 anatum
941 1287 1088 1344 contunsis

92 1366 186 1428 oculis
201 1368 240 1427 ita
255 1374 286 1425 ut
302 1375 406 1445 postea
423 1383 538 1446 oesypo
555 1375 584 1427 et
600 1366 688 1427 melle
705 1368 910 1442 inunguantur,
935 1368 976 1427 iel
992 1368 1088 1446 perdi-

93 1470 155 1511 cum
173 1469 236 1511 cum
250 1451 345 1511 mellis
361 1467 455 1530 aequo
471 1451 619 1529 pondere,
644 1467 697 1529 per
718 1468 751 1509 se
771 1467 845 1510 vero
866 1451 902 1510 ad
918 1451 1087 1511 claritatem.

56 1554 82 1596 15
92 1554 129 1594 ex
143 1534 329 1613 Hippocratis
352 1542 451 1612 putant
466 1536 637 1595 auctoritate
653 1533 729 1593 adici
744 1533 821 1614 quod
841 1535 870 1593 in
885 1543 1025 1611 argentea
1038 1553 1088 1613 pp·

92 1618 429 1682 xidcidservariiubent.
445 1618 658 1698 ovaperdicum
665 1620 693 1678 in
702 1635 772 1679 vase
781 1635 871 1679 aereo
880 1619 1001 1678 decocta
1010 1636 1072 1679 cum
1081 1628 1132 1684 126

91 1705 178 1767 melle
196 1704 343 1763 ulceribus
361 1702 510 1763 oculorum
534 1712 563 1763 et
586 1704 777 1782 glaucomatis
791 1702 952 1763 medentur.
981 1703 1090 1763 colum-

90 1789 199 1864 barum,
219 1787 402 1867 palumbium,
421 1795 569 1864 turturum,
584 1786 732 1866 perdicum
747 1789 865 1864 sanguis
878 1786 972 1847 oculis
985 1805 1088 1847 cruore

92 1873 217 1933 sublusis
240 1873 344 1932 eximie
361 1872 491 1950 prodest.
525 1872 552 1931 in
571 1871 713 1932 columbis
727 1872 872 1932 masculae
893 1871 1089 1931 efficaciorem

54 1966 202 2035 reputant,
220 1974 294 2016 vena
309 1963 403 2015 autem
419 1955 471 2015 sub
488 1955 533 2015 ala
550 1955 675 2015 adhunc
692 1973 772 2015 usum
790 1955 938 2029 inciditur,
955 1956 1089 2034 quoniam

92 2057 144 2100 suo
161 2040 261 2100 calore
283 2038 380 2099 utilior
402 2048 456 2098 est.
492 2040 650 2119 superponi
674 2048 792 2117 oportet
809 2038 981 2117 spleniume
1001 2036 1088 2096 melle

92 2124 245 2184 decoctum
264 2122 417 2202 lanamque
440 2123 567 2183 sucidam
590 2141 628 2182 ex
652 2123 720 2182 oleo
742 2141 778 2182 ac
801 2123 877 2181 vino.
905 2120 1068 2182 Earundem
1080 2131 1129 2186 127

92 2209 184 2268 arium
208 2208 325 2284 sanguis
340 2205 512 2286 nyctalopas
536 2215 617 2266 sanat
643 2208 773 2266 et·iecur
795 2208 904 2284 ovium,
925 2215 1029 2284 atque,
1061 2215 1089 2264 ut

93 2292 121 2350 in
136 2293 231 2368 capris
247 2291 381 2367 diximus,
399 2290 549 2350 cilicaoius
563 2291 670 2351 fulvae.
704 2290 828 2352 decocto
847 2308 963 2370 quoque
982 2291 1043 2349 eius
1054 2309 1084 2349 re.
1097 2308 1131 2343 nc

55 2375 194 2435 reoculos
210 2374 329 2435 abluere
349 2374 471 2434 suadent
491 2384 521 2434 et
539 2374 664 2434 medulla
681 2375 800 2435 dolores
823 2385 1009 2452 tumoresque
1026 2373 1088 2432 inli-

92 2476 172 2518 nere.
191 2457 317 2534 Bnbouis
329 2457 478 2517 oculorum
491 2460 562 2518 cinis
575 2458 698 2532 collyrio
710 2461 813 2517 mixtus
825 2458 984 2517 claritatem
996 2457 1089 2516 oculis

92 2543 191 2601 lacere
208 2542 390 2619 promittitur.
428 2543 545 2600 turturis
560 2542 655 2600 limum
676 2541 828 2617 albugines
845 2550 997 2615 extenuat,
1021 2541 1089 2597 item

94 2624 259 2683 coclearum
276 2624 365 2698 ciuis,
383 2623 477 2683 dmum
493 2623 666 2684 cenchridis.
699 2626 869 2702 accipitrum
882 2626 1000 2701 generis
1014 2621 1089 2681 banc

93 2704 197 2768 Graeci
211 2707 328 2765 faciunt.
357 2706 485 2784 Argema
499 2726 536 2767 ex
552 2707 638 2768 melle
655 2707 784 2767 omnibus
801 2725 875 2787 quae
890 2724 977 2786 supra
995 2707 1131 2770 scri-128

57 2806 82 2848 ao
94 2799 142 2869 pta
167 2798 231 2849 suut
251 2799 376 2858 sanatur.
414 2791 470 2852 mel
486 2792 662 2853 utilissimum
689 2792 781 2851 oculis
803 2794 831 2851 in
854 2808 911 2869 quo
935 2808 1006 2869 apes
1033 2790 1088 2849 sint

93 2877 262 2935 inmortuae.
299 2873 437 2937 ciconiae
452 2874 560 2956 pullum
575 2878 622 2956 qui
642 2875 734 2936 ederit
756 2884 878 2953 negatur
900 2877 981 2936 annis
998 2874 1087 2935 conti-

91 2959 154 3018 nuis
169 2958 339 3037 lippiturus,
361 2961 429 3020 item
448 2962 496 3039 qui
511 2960 646 3022 draconis
663 2969 748 3041 caput
761 2960 875 3021 habeat.
905 2960 986 3020 huius
1002 2958 1088 3036 adipe

93 3052 123 3104 et
144 3041 233 3102 melle
257 3061 319 3102 oum
342 3044 409 3113 oleo
431 3053 531 3106 vetere
553 3046 717 3124 incipientis
738 3045 879 3122 caligines
904 3044 1007 3104 discuti
1030 3051 1086 3100 tra·

93 3127 170 3186 dunt.
205 3126 390 3186 Hirundinum
405 3128 500 3207 pullos
518 3130 604 3208 plena
620 3130 685 3190 luna
700 3139 876 3205 excaecant,
897 3129 1086 3201 restitutaque

57 3223 194 3270 sueorum
215 3211 279 3270 acie
303 3212 396 3288 capita
418 3211 638 3289 comburuntur,
660 3215 758 3272 cinere
782 3208 845 3274 cum
866 3212 953 3272 melle
974 3216 1087 3269 utuntur

94 3294 129 3354 ad
147 3295 306 3354 claritatem
324 3303 353 3353 et
374 3294 492 3354 dolores
513 3314 548 3356 ac
563 3296 749 3376 lippitudines
770 3305 800 3357 et
814 3298 897 3355 ictus.
930 3295 1066 3354 Lacertas
1080 3301 1129 3356 129

93 3394 211 3456 quoque
227 3377 357 3455 pluribus
378 3378 469 3438 modis
485 3378 520 3439 ad
544 3381 692 3441 oculorum
707 3379 833 3440 remedia
848 3378 1006 3438 adsumunt.
1039 3375 1086 3436 alii

92 3461 213 3519 viridem
235 3460 387 3531 includunt.
396 3481 472 3522 noro
488 3463 577 3540 lictili,
595 3472 624 3523 et
640 3463 758 3542 lapillos
775 3463 824 3539 qui
836 3470 980 3521 uocantur
995 3459 1098 3515 cinae·
