2400 3840
133 183 195 246 284
475 194 506 243 c.
522 196 618 243 annu
635 193 786 243 secunus

132 351 209 430 quod
230 350 314 411 lanae
336 349 502 426 emolliunt,
530 365 680 428 spongeae
705 354 844 407 coercent
864 346 1039 426 rapiuntque
1062 346 1128 408 vitia

92 444 144 498 128
153 434 292 495 ulcerum.
324 433 557 509 circumligantur
574 441 604 492 et
619 430 790 509 hydropicis
810 431 908 490 siccae
922 429 972 489 vel
993 447 1034 490 ex
1054 447 1127 508 aqua

132 518 229 596 tepida
245 534 373 596 peccave
385 527 538 594 utcumque
554 515 676 575 blandiri
688 531 763 592 opus
775 523 821 575 est
835 515 994 592 operireve
1008 521 1060 572 ant
1076 514 1127 572 sic
1170 564 1172 571 .

132 619 199 660 care
216 608 320 662 cutem.
352 602 524 678 inponuntur
535 608 565 658 et
578 598 623 658 his
634 596 744 656 morbis
759 613 833 675 quos
845 597 983 674 vaporari
993 602 1128 674 oporteat
1170 652 1172 657 .

131 684 256 744 lerventi
271 701 346 761 aqna
361 682 497 763 perfusae
513 698 732 760 expressaeque
747 681 822 739 iuter
836 679 908 741 duas
929 678 1055 739 tabulas.
1085 681 1147 738 sict

131 776 160 825 et
175 769 204 827 iu
218 765 368 826 stomacho
382 773 502 843 prosunt
515 773 545 823 et
558 765 588 823 iu
607 763 683 823 lebri
697 771 797 823 contra
813 764 917 823 nimios
936 761 1079 837 ardores,
1099 769 1128 821 et

130 850 268 927 splenicis
286 867 303 908 e
319 865 424 928 posca,
439 847 554 923 ignibus
568 849 661 908 sacris
676 855 831 924 anaceto,
846 846 1036 907 elllcaciores
1047 862 1127 925 quam

91 942 140 996 129
152 933 237 993 aliud.
266 932 363 1010 inponi
385 938 503 1008 oportet
523 933 567 990 sic
588 940 619 990 nt
642 947 727 990 sanas
747 947 864 1009 quoqne
884 930 977 1007 partis
998 930 1126 1006 spatiose

129 1015 272 1092 operiant.
302 1015 450 1089 sauguinis
472 1012 642 1091 profluvium
659 1015 763 1073 sistunt
777 1031 815 1072 er
834 1021 920 1073 aceto
941 1021 992 1072 aut
1012 1011 1124 1090 frigida,

128 1098 251 1156 livorem
265 1096 301 1157 ab
313 1098 372 1157 ictu
386 1105 534 1158 recentem
545 1114 584 1156 ex
599 1113 673 1175 aqua
688 1096 765 1156 salsa
782 1095 875 1157 calida
886 1096 1005 1172 saepius
1015 1091 1151 1156 'mumma

128 1180 251 1256 tollunt,
267 1181 381 1240 testium
396 1189 536 1240 tumorem
557 1179 747 1257 doloremque
771 1197 809 1239 ex
830 1197 933 1259 posca.
969 1178 1006 1239 ad
1029 1195 1126 1239 canum

130 1280 244 1323 morsus
257 1264 366 1324 utiliter
382 1263 520 1324 concisae
542 1263 717 1343 inponuntur
732 1280 769 1323 ex
785 1271 870 1322 aceto
886 1270 935 1323 ant
951 1261 1062 1339 lrigida
1082 1268 1127 1321 aut

128 1347 233 1424 melle,
259 1348 381 1408 subinde
402 1346 600 1407 umectandae.
631 1346 789 1406 Africanae
810 1347 883 1405 cinis
900 1362 965 1405 cum
987 1348 1071 1423 porri
1084 1362 1126 1406 se

129 1432 198 1491 ctivi
210 1449 281 1492 suco
295 1434 463 1509 sauguinem
474 1430 661 1490 reicientibus
673 1431 773 1490 banstu
786 1429 857 1489 salis
868 1447 907 1488 ex
917 1428 1025 1506 frigida
1041 1427 1125 1508 prod·

127 1523 181 1574 est.
208 1514 284 1575 idem
300 1517 372 1575 ciuis
384 1533 447 1575 cum
460 1514 527 1573 oleo
540 1512 588 1572 vel
603 1531 667 1573 cnm
677 1521 764 1573 aceto
776 1513 865 1573 lrouti
875 1512 974 1572 inlitus
987 1514 1152 1574 tertianasn

88 1609 138 1664 iao
157 1597 243 1658 tollit.
279 1600 411 1677 privatim
436 1597 592 1657 Africanae
612 1615 650 1656 er
672 1613 765 1676 posca
791 1604 932 1656 tumorem
959 1595 1126 1670 discutiunt,

128 1682 251 1740 omnium
266 1689 361 1740 autem
377 1682 448 1740 cinis
472 1697 535 1739 cum
559 1681 625 1758 pice
651 1688 839 1740 crematarum
863 1679 1033 1756 sauguinem
1054 1680 1128 1739 sistit

127 1763 286 1822 voluerum.
318 1763 406 1841 aliqui
428 1779 509 1821 raras
530 1771 636 1821 tautum
657 1762 693 1823 ad
715 1762 772 1824 boc
797 1781 860 1823 oum
880 1763 948 1840 pice
967 1772 1064 1824 urunt.
1099 1768 1127 1821 et

127 1845 277 1905 oculorum
300 1864 386 1906 causa
408 1844 612 1905 comburuntur
638 1847 667 1904 in
688 1846 775 1906 cruda
799 1846 858 1906 olla
880 1845 990 1922 liguliui
1016 1846 1126 1924 operis,

127 1929 287 2007 plurumum
316 1929 486 2008 proliciente
506 1946 543 1988 eo
567 1929 666 1988 cinere
688 1938 790 1990 eontra
817 1928 969 1990 scabritias
988 1937 1154 2006 genarumtt

128 2014 388 2093 excrescentisque
410 2013 505 2072 caruis
521 2020 551 2071 et
572 2012 708 2092 quidquid
725 2030 799 2092 opus
813 2015 851 2073 sit
871 2011 912 2072 ibi
932 2011 1126 2090 destringere,

87 2107 134 2161 131
147 2100 292 2175 spissare,
314 2097 446 2176 explere.
475 2096 571 2156 utilius
586 2097 615 2155 iu
629 2112 665 2155 eo
680 2114 734 2155 usn
750 2096 850 2156 lavare
870 2097 1008 2156 cinerem.
1042 2112 1125 2174 prae·

125 2189 203 2239 stant
219 2190 249 2240 et
267 2180 417 2257 strigilium
433 2180 525 2238 vicem
542 2178 783 2257 linteolornmque
801 2179 924 2239 adiectis
940 2178 1123 2258 corporibus

126 2272 155 2321 et
170 2271 269 2322 contra
284 2262 378 2321 solem
389 2269 457 2338 apte
473 2270 629 2338 protegunt
643 2265 747 2340 capita.
771 2263 877 2323 medici
891 2263 1005 2323 inscitia
1020 2262 1056 2325 a'd
1067 2263 1125 2323 duo

126 2345 239 2404 nomina
255 2362 306 2404 eas
323 2342 477 2420 redegere.
513 2343 683 2422 Africanas,
706 2364 824 2424 quarum
846 2347 1003 2406 lirmiussit
1024 2344 1155 2421 robono

125 2425 348 2506 Rhodiacasque
363 2427 398 2487 ad
414 2427 568 2487 fovendum
585 2428 745 2489 molliores.
779 2447 855 2490 nunc
879 2440 973 2491 autem
989 2430 1123 2491 mollissi-

124 2527 189 2569 mae
201 2511 277 2571 eirca
293 2529 391 2571 muros
402 2511 562 2589 Antiphelli
578 2511 657 2571 urbis
671 2515 865 2593 reperiuntur.
894 2513 1008 2591 Trogus
1020 2522 1125 2575 auctor

126 2602 170 2652 est
186 2595 263 2655 circa
278 2595 394 2670 lyciam
409 2593 565 2672 penicillos
585 2595 769 2658 mollissimos
791 2598 872 2657 nasci
894 2598 922 2657 in
944 2597 1025 2673 alto,
1049 2597 1124 2659 unde

124 2677 238 2738 ablatae
264 2680 321 2739 sint
344 2693 513 2757 spongeae,
540 2677 677 2753 Polybius
699 2698 788 2760 super
813 2697 932 2757 aegrum
961 2698 1124 2760 suspensos

123 2763 283 2904 ffigom
298 2762 397 2823 lacere
413 2769 526 2821 noctes.
556 2760 638 2820 Nunc
654 2773 871 2887 praevertemur
885 2763 920 2823 ad
940 2764 1049 2824 mariua
1065 2764 1155 2824 ani-ao
