2400 3840
302 201 384 248 unu.
401 199 491 248 msc.
508 198 629 246 xxvnn
646 198 690 250 15.
708 196 750 251 16.
767 191 916 261 (uo—63.)
1046 189 1104 250 197

114 365 197 430 ctum,
216 354 315 415 sebum
330 353 467 413 hircinum
483 371 546 413 cum
562 353 694 412 helxines
709 362 791 431 parte
805 371 894 430 aqua,
915 353 1027 431 ¹sinapis
1048 355 1104 413 te'r·

112 441 166 514 tia,
189 439 246 497 limi
269 438 378 514 caprini
400 438 525 497 cinerem
544 455 607 496 cum
631 439 763 514 axungia.
794 437 861 514 quin
883 444 911 494 et
929 436 1104 496 ischiadicos

111 523 155 581 uri
173 522 225 581 snb
242 519 397 600 pollicibus
413 521 517 599 pedum
532 537 569 580 eo
585 520 651 579 limo
667 520 799 580 fervente
814 518 965 579 utilissime
979 519 1103 597 tradunt,

111 605 354 682 articulorumque
371 602 448 663 vitiis
469 603 508 662 iel
524 606 649 662 ursinum
664 604 842 663 utilissimum
863 621 930 664 esse
947 613 976 662 et
993 603 1104 680 leporis

86 688 203 766 spedes
225 687 406 763 adalligatos.
439 687 586 765 podagras
611 687 723 764 quidem
747 688 869 763 mitigari
894 687 970 765 pede
993 686 1104 764 leporis

111 773 234 831 viventis
251 769 384 846 absciso,
405 772 429 829 si
445 772 509 849 quis
523 788 621 830 secum
637 770 756 830 adsidue
773 768 887 830 habeat.
923 770 1082 829 Perniones
1095 780 1145 834 aul

111 857 224 914 ursinus
245 853 326 932 adips
348 855 492 932 rimasque
511 854 616 932 pedum
636 855 727 913 omnis
750 855 852 930 sarcit,
874 854 1021 913 efficacius
1044 853 1104 913 alu·

111 940 185 997 mine
202 937 315 1013 addito,
331 937 431 997 sebum
447 939 602 1016 caprinum,
618 937 741 996 dentium
759 939 825 1015 equi
841 937 946 1014 farina,
966 955 1104 1015 aprunum

111 1022 159 1081 vel
178 1022 290 1081 suillum
308 1022 365 1098 iel,
383 1039 445 1080 cum
461 1021 545 1099 adipe
564 1021 661 1099 pulmo
675 1022 832 1099 inpositus,
849 1023 903 1080 etsi
920 1020 1031 1080 subtriti
1048 1023 1105 1080 sint

77 1126 101 1166 m
112 1107 284 1165 contunsive·
300 1106 506 1180 offensatione,
523 1105 633 1164 sivero
649 1105 741 1163 adusti
763 1103 891 1181 frigore,
912 1105 1037 1183 leporini
1055 1104 1105 1183 pili

111 1191 198 1265 cinis,
222 1188 350 1248 ciusdem
371 1187 469 1265 pulmo
494 1189 640 1245 contunsis
663 1188 805 1246 dissectus
826 1195 874 1246 aut
896 1187 1038 1266 pulmonis
1066 1188 1104 1247 oi-

109 1276 163 1332 nis.
207 1272 278 1332 Sole
305 1270 404 1329 adusta
431 1269 504 1329 sebo
530 1271 640 1329 asinino
668 1271 814 1347 aptissime
842 1279 989 1346 curantur,
1014 1273 1147 1333 item-aaa

110 1355 218 1414 bubulo
236 1372 298 1412 cum
316 1370 451 1412 rosaceo.
490 1351 598 1412 Glavos
619 1362 649 1411 et
669 1355 754 1411 rimas
778 1352 902 1430 callique
923 1354 993 1413 vitia
1009 1355 1103 1414 limum

111 1439 174 1516 apri
190 1437 239 1495 vel
254 1439 313 1494 suis
327 1454 433 1495 recens
449 1436 557 1494 inlitum
578 1454 612 1494 ac
632 1437 718 1494 tertio
740 1436 787 1495 die
806 1436 928 1495 solutum
948 1445 1045 1512 sanat,
1062 1445 1102 1496 ta·

76 1523 203 1587 aslorum
222 1521 303 1596 cinis,
319 1519 415 1596 pulmo
432 1537 556 1597 aprunus
570 1528 617 1578 aut
633 1518 734 1578 suillus
750 1527 798 1577 aut
819 1520 969 1593 cervinus,
993 1520 1104 1578 attritus

112 1605 366 1665 calciamentorum
382 1603 462 1662 urina
477 1603 549 1662 asini
565 1619 627 1661 cum
641 1603 700 1661 luto
716 1620 768 1662 suo
782 1603 870 1678 inlita,
887 1603 988 1662 clavos
1004 1601 1104 1661 scbum

111 1687 246 1747 bubulum
265 1704 328 1746 aum
351 1688 421 1745 turis
442 1685 569 1764 polline,
595 1687 752 1770 perniones
768 1704 840 1746 vero
857 1687 965 1745 corium
986 1685 1103 1745 combu-

112 1782 194 1848 stum,
214 1771 317 1831 melius
335 1772 360 1828 si
376 1788 414 1829 ex
427 1780 528 1829 vetera
543 1769 744 1846 calciamento,
759 1772 875 1830 iniurias
892 1789 908 1828 e
927 1770 1049 1837 calciatu
1066 1788 1103 1828 ex

112 1857 179 1915 oleo
195 1856 257 1915 cori
272 1855 381 1931 caprini
398 1854 480 1913 cinis.
518 1855 652 1914 Varicum
668 1854 785 1914 dolores
801 1854 883 1914 sedat
903 1854 961 1912 fimi
974 1853 1084 1911 vitulini
1095 1863 1147 1917 223

75 1942 182 1998 caninis
199 1956 261 1998 cum
277 1937 318 1996 lili
333 1937 428 1997 bulbis
450 1938 590 1997 decoctus
605 1937 700 1997 addito
721 1937 810 1995 melle
831 1937 962 2012 modico,
978 1937 1104 2014 itemque

112 2023 205 2082 omnia
217 2021 386 2080 inflammata
399 2029 429 2079 et
440 2021 662 2098 suppurationes
676 2021 818 2079 minantia.
838 2019 938 2078 eadem
952 2038 1001 2077 res
1010 2029 1039 2077 et
1053 2037 1103 2097 po-

111 2107 208 2180 dagris
224 2103 344 2183 prodest
366 2111 396 2161 et
418 2103 587 2163 articulariis
609 2103 732 2179 morbis,
761 2121 777 2161 e
797 2101 923 2162 maribus
944 2103 1103 2180 praecipue

112 2186 219 2260 vitulis,
237 2185 422 2245 articulorum
437 2187 540 2246 attritis
554 2186 602 2245 vel
617 2204 753 2266 aprorum
767 2187 815 2246 vel
829 2205 908 2246 suurn
921 2186 1008 2245 linteo
1026 2186 1102 2246 cale·

112 2271 190 2331 iacto
217 2269 387 2347 inpositum,
415 2269 554 2349 vitulique
584 2272 630 2348 qui
655 2271 777 2331 nondum
801 2270 920 2330 herbam
942 2272 1104 2346 gustaverit

76 2369 102 2408 aa
113 2356 216 2428 dmum,
232 2354 298 2412 item
314 2353 461 2431 caprinum
476 2371 539 2413 curn
552 2354 639 2414 melle
650 2357 678 2413 in
696 2364 779 2415 aceto
795 2354 955 2414 decoctum.
992 2353 1103 2429 Unguis

112 2437 233 2496 scabros
252 2435 351 2496 sebum
363 2437 443 2495 vituli
459 2437 604 2512 emendat,
620 2438 687 2496 item
702 2439 848 2514 caprinum
864 2436 987 2495 admixta
1002 2436 1102 2495 sanda·

110 2538 188 2580 raca.
221 2536 359 2578 verrucas
373 2535 444 2578 vero
462 2519 555 2578 aufert
572 2519 629 2578 fimi
644 2519 754 2578 vitulini
771 2520 841 2578 cinis
857 2537 895 2577 ex
910 2527 1008 2592 aceto,
1030 2521 1102 2578 asini

111 2603 210 2661 urinae
226 2602 323 2661 lutum.

176 2682 260 2762 (63.)
286 2683 427 2743 Comitiali
443 2682 545 2742 morbo
561 2684 643 2742 testis
656 2686 770 2744 ursinos
788 2683 883 2744 edisse
899 2682 1019 2762 prodest
1033 2685 1082 2744 vel
1093 2696 1145 2751 224

77 2785 103 2827 so
114 2785 239 2845 aprunos
257 2766 366 2826 bibisse
388 2784 425 2825 ex
442 2767 519 2826 lacte
535 2766 639 2844 equino
655 2777 703 2827 aut
718 2786 755 2827 ex
773 2786 863 2846 aqua,
884 2769 951 2827 item
967 2785 1103 2845 aprunam

114 2853 221 2910 urinam
243 2868 280 2909 ex
302 2858 385 2910 aceto
401 2850 509 2928 mulso,
532 2850 680 2911 efficacius
702 2870 774 2930 quae
797 2852 933 2912 inaruerit
952 2852 981 2910 in
1003 2855 1102 2913 vesica

113 2953 172 2994 sua.
212 2934 312 2994 dantur
324 2944 353 2994 et
370 2952 449 2993 suum
464 2934 590 2994 testiculi
607 2936 757 2996 inveterati
768 2936 884 3015 tritique
898 2937 1000 2996 insuis
1014 2937 1101 3013 lacte,

112 3017 307 3095 praecedente
329 3018 386 3078 vini
408 3018 579 3079 abstinentia
604 3028 633 3078 et
658 3029 797 3097 sequente
822 3021 963 3080 continuis
990 3019 1101 3097 diebus,

113 3101 215 3160 dantur
239 3109 267 3159 et
291 3101 401 3179 leporis
422 3102 483 3161 sale
511 3102 645 3161 custoditi
666 3103 815 3181 pulmones
837 3122 900 3163 cum
919 3104 990 3163 turis
1016 3105 1101 3163 tertia

78 3199 104 3241 as
114 3193 196 3262 parte
216 3186 244 3242 in
262 3184 336 3243 uino
357 3183 424 3244 albo
445 3202 498 3262 per
520 3184 582 3244 dies
604 3184 701 3261 XXX,
729 3189 796 3247 item
820 3186 942 3264 coagula
963 3185 1100 3245 ciusdem.

115 3268 185 3326 asini
204 3267 363 3326 cerebrum
372 3286 409 3326 ex
429 3285 501 3344 aqua
522 3269 630 3344 mulsa,
656 3270 820 3329 infumatum
838 3272 918 3348 prius
943 3269 971 3327 in
993 3268 1143 3344 foliis‚225

115 3350 258 3409 semuncia
276 3368 329 3427 per
344 3350 406 3410 dies
421 3349 469 3409 vel
484 3351 652 3428 ungularum
667 3354 728 3412 eius
743 3355 814 3412 cinis
827 3351 1009 3411 coclearibus
1028 3350 1102 3412 binis

114 3440 175 3491 toto
189 3451 288 3492 mense
303 3443 404 3511 potus,
424 3434 491 3494 item
506 3443 596 3494 testes
616 3436 678 3495 sale
701 3437 845 3496 adservati
865 3443 894 3494 et
908 3437 1043 3511 inspersi
1052 3451 1112 3506 qa·
