2400 3840
291 217 372 265 unu.
387 217 478 266 mss.
494 217 591 265 xxvt.
608 215 651 271 13.
668 213 711 267 14.
727 212 876 280 (ao—at.)
1027 209 1086 274 125

95 381 166 454 punt
181 371 341 453 deploratis
359 370 467 431 auxilio
484 379 544 448 est,
567 388 630 431 cnm
653 372 729 431 aeris
744 371 817 431 ilore
837 372 905 432 uino
926 381 1087 452 temperata

96 456 228 518 omnihus
243 455 346 530 modis,
363 453 412 514 uel
427 454 536 514 semine
556 454 605 515 vel
619 453 691 515 hore
708 454 757 515 vel
770 453 878 515 radice.
908 456 1009 518 eadem
1023 477 1086 520 cum

96 540 216 620 polenta
228 539 349 599 uetustis
360 536 528 598 volneribus
539 537 668 617 prodest.
693 536 848 598 heraclion
859 555 975 618 quoque
991 541 1066 602 side·
1078 554 1130 608 llo

95 626 171 700 riou,
186 623 374 701 Apollinaris,
391 621 534 699 psyllium,
550 621 746 699 tmgacantha,
763 621 908 682 scordotis
923 642 988 685 cum
998 626 1085 687 melle

67 730 81 773 s
96 714 210 787 purgat.
232 706 323 766 larina
339 706 401 765 eius
417 706 512 765 carnis
529 705 729 765 excrescentis
743 722 797 784 per
811 723 846 765 se
867 708 998 785 inspersa
1017 726 1085 770 con·

95 792 189 851 sumit.
221 789 387 850 Polemonia
405 788 504 849 ulcera
520 806 595 867 quae
611 787 752 850 cacoethe
770 797 876 848 vocant
899 799 996 867 sanat,
1020 811 1086 853 ceu·

95 875 216 947 taurium
229 875 319 933 maius
333 873 495 950 inspersum
510 871 559 932 rol
575 871 700 948 inlitum,
722 871 789 932 item
805 874 922 933 minoris
937 891 1020 935 coma
1036 876 1086 937 de·

95 964 181 1018 cocta
195 955 244 1016 vel
258 958 323 1017 trita
337 964 439 1016 veteru
454 971 569 1033 quoque
583 955 683 1016 ulccm
693 963 798 1033 purgat
811 964 840 1016 et
855 966 1001 1034 persanat.
1019 957 1086 1021 llol·

94 1040 174 1101 liculi
196 1039 320 1114 clymeni
337 1037 505 1099 recentibus
520 1037 616 1116 plagis
634 1039 816 1116 inponuntur.
852 1038 979 1101 inlinitur
994 1051 1087 1102 autem

59 1143 85 1188 to
94 1124 228 1201 gentiana
245 1122 392 1183 ulceribus
412 1139 485 1200 quae
501 1130 622 1199 serpunt
637 1121 737 1182 radice
758 1130 841 1182 tonsa
854 1123 903 1184 vel
917 1123 1040 1187 decocta
1059 1127 1088 1186 in

92 1224 169 1284 aqua
194 1205 231 1267 ad
254 1205 349 1266 mellis
368 1203 585 1266 amaritudinem
608 1204 657 1265 vel
681 1222 773 1280 suco,
799 1205 968 1268 volneribus
995 1227 1034 1268 ex
1050 1227 1087 1270 ea

92 1289 199 1366 factum
212 1288 339 1362 Lycium.
360 1287 540 1364 Lysimachia
551 1287 716 1347 recentibus
728 1287 823 1366 plagis
832 1288 974 1367 medetur,
987 1291 1128 1369 plau-141

94 1381 164 1450 tago
180 1373 302 1433 omnium
319 1389 458 1450 generum
472 1370 630 1446 ulceribus,
646 1370 833 1449 peculiariter
842 1371 1026 1450 feminarum,
1039 1393 1087 1436 se·

54 1463 57 1469 ’
93 1474 159 1516 num
177 1465 207 1515 et
222 1455 377 1517 infantium.
404 1455 464 1534 igni
481 1454 609 1514 emollita
624 1452 728 1514 molior
743 1462 773 1515 et
788 1472 853 1514 cum
868 1463 969 1516 cerato
987 1474 1087 1518 crassa

58 1538 224 1600 rsulcarum
239 1539 319 1600 labra
339 1546 459 1619 purgat,
484 1554 583 1598 nomas
597 1538 681 1597 sistit.
718 1538 814 1598 tritam
835 1539 895 1599 suis
914 1538 993 1600 ioliis
1014 1541 1086 1602 iute-

93 1641 166 1700 gere
192 1630 318 1700 oportet.
353 1622 598 1700 Suppurationes,
623 1620 833 1698 collectiones,
857 1623 937 1682 sinus
956 1622 1086 1685 ulcerum

94 1705 258 1767 chelidonia
275 1723 391 1785 quoque
406 1707 560 1781 siccantur,
576 1705 698 1765 volnera
714 1705 789 1765 adeo
804 1714 834 1766 ut
852 1706 938 1766 etiam
951 1723 1005 1784 pro
1017 1725 1085 1786 spo·

93 1790 143 1849 dio
166 1798 295 1866 utantur,
319 1789 418 1850 eadem
439 1790 493 1849 iam
510 1789 673 1866 desperatis
691 1806 755 1850 cnm
778 1791 901 1866 axungia
928 1789 1085 1866 inponitur.

91 1872 269 1933 Dictamnum
284 1883 354 1951 pota
369 1872 488 1949 sagittas
506 1872 590 1950 pellit
602 1880 631 1931 et
642 1871 698 1932 alia
713 1872 771 1932 tela
786 1872 910 1933 extrahit
920 1872 1011 1934 inlita.
1028 1873 1070 1934 hi·
1078 1885 1130 1939 142

56 1957 169 2022 rebitur
193 1974 231 2015 ex
245 1973 338 2034 aquae
358 1955 463 2031 cyatho
484 1955 619 2016 loliorum
639 1954 746 2032 obolo,
767 1972 906 2033 proxume
928 1956 1084 2032 pseudodi-

93 2048 253 2117 ctamnum,
270 2048 392 2117 utraque
409 2039 494 2100 etiam
509 2039 732 2117 suppurationes
746 2037 871 2099 discutit.
888 2037 1086 2105 Aristolochia

93 2141 208 2201 quoque
224 2124 317 2201 putria
331 2123 431 2183 ulcera
448 2130 549 2197 exest,
573 2122 690 2183 sordida
706 2130 811 2200 purgat
832 2139 895 2181 oum
915 2120 1005 2181 melle
1019 2139 1085 2182 ver·

93 2207 205 2283 misque
221 2205 355 2282 extrahit,
372 2206 440 2266 item
457 2207 558 2268 elavos
571 2206 598 2265 in
609 2206 711 2266 ulcere
723 2213 808 2266 natos
823 2214 852 2265 et
865 2204 952 2266 inlixa
967 2205 1086 2284 corpori

94 2291 205 2364 omnia,
221 2291 379 2368 praecipue
395 2291 516 2368 sagittas
531 2298 561 2350 et
574 2306 641 2349 ossa
659 2289 751 2349 fracta
771 2306 835 2348 cum
850 2289 956 2349 resina.
995 2305 1067 2349 cava
1078 2299 1129 2356 lta

57 2391 166 2435 asuero
183 2373 283 2435 ulcera
300 2373 400 2452 explet
414 2391 512 2452 perse
533 2381 563 2434 et
586 2391 649 2433 cum
671 2372 743 2432 iride
764 2373 891 2432 recentia
906 2372 1027 2433 volnera
1049 2391 1087 2433 ex

92 2464 193 2533 aceto,
211 2464 311 2517 vetera
325 2456 426 2517 ulcera
441 2456 623 2530 verbenaca,
644 2454 869 2534 quinquefolium
887 2473 952 2515 cum
974 2454 1037 2515 sale
1058 2463 1088 2515 et

91 2539 190 2598 mella.
229 2538 356 2600 Radices
377 2539 555 2616 persollatae
576 2537 743 2599 volneribus
761 2537 842 2597 ferro
867 2536 963 2597 inlatis
983 2554 1086 2597 reeen-

91 2621 168 2681 tihus
183 2623 365 2699 inponuntur,
383 2621 453 2682 lolia
468 2620 626 2697 veteribus,
646 2637 709 2680 cum
723 2620 847 2696 axungia
864 2629 1032 2697 utrumque,
1058 2628 1087 2680 et

92 2720 145 2763 suo
162 2704 235 2765 lolio
253 2704 392 2781 operitur.
422 2703 616 2766 damasonium
630 2711 661 2762 ut
676 2705 705 2762 in
719 2711 843 2779 struma,
864 2701 935 2764 lolia
948 2701 1084 2762 verbasci
1092 2722 1116 2756 rs

53 2805 132 2852 snex
162 2795 246 2847 aceto
276 2794 323 2847 aut
354 2788 431 2847 vino.
480 2787 663 2847 Peristereos
688 2786 724 2847 ad
753 2785 847 2846 omnia
876 2804 986 2864 genera
1017 2785 1066 2846 vel
1078 2795 1129 2850 144

91 2869 266 2932 callosorum
290 2873 573 2949 putrescentiumque
590 2870 718 2931 ulcerum
735 2870 814 2930 iacit.
846 2871 1085 2945 manantianym·

90 2953 205 3034 phaeae
237 2954 389 3016 llemcliae
417 2955 502 3017 radix
527 2962 624 3033 sanat,
655 2955 723 3015 item
751 2953 902 3028 cyclamini
930 2952 1012 3015 radix
1037 2952 1085 3013 vel

90 3055 146 3118 per
181 3057 214 3099 se
247 3038 297 3099 vel
326 3056 364 3099 ex
399 3048 482 3100 aceto
514 3038 563 3099 vei
594 3055 657 3101 oum
686 3038 784 3098 melle.
832 3036 933 3099 eadem
960 3045 990 3097 et
1016 3053 1084 3096 oon·

91 3129 135 3181 tra
157 3129 328 3184 steatomata
350 3122 472 3199 eilioax,
491 3124 567 3183 sicut
589 3122 625 3182 ad
648 3121 747 3182 uloera
767 3122 909 3182 manantia
929 3121 1083 3196 hysopum,

56 3205 161 3264 etitem
182 3205 397 3283 peucedanum,
417 3213 446 3265 ct
466 3206 502 3267 ad
522 3207 653 3266 recentia
676 3205 862 3266 vulneraris
886 3212 963 3266 tanta
987 3209 1033 3262 est
1054 3209 1085 3263 ut

91 3306 237 3366 squamam
252 3289 367 3351 ossibus
382 3290 524 3350 extrahat.
554 3297 701 3368 praestant
715 3288 773 3348 hoc
793 3296 822 3348 et
839 3285 1019 3364 anagallides
1035 3301 1084 3344 co-

91 3370 248 3450 hibentque
264 3390 336 3451 quas
351 3381 456 3433 vocant
471 3388 571 3432 nomas
587 3381 616 3432 et
628 3371 865 3447 rheumatismos,
891 3369 977 3429 utiles
992 3375 1021 3427 et
1038 3385 1083 3428 re·

92 3452 223 3517 cantibus
236 3456 350 3534 plagis,
366 3455 418 3518 sed
431 3456 590 3535 praecipue
606 3473 706 3516 senum
721 3452 851 3532 corpori.
877 3469 949 3512 curn
966 3459 1076 3539 cerato
1082 3456 1148 3505 mss
