2400 3840
126 156 168 218 98
471 166 500 213 c.
516 166 611 213 rurus
629 166 778 215 sscuuos

126 320 174 380 alii
193 338 298 379 erucae
316 320 395 380 loliis
416 338 483 379 esse
505 319 652 395 dixerunt,
674 320 721 380 alii
747 319 863 380 roboris
884 322 995 380 minora
1016 319 1116 396 multo,

125 402 224 463 radice
239 403 287 463 alii
302 420 492 482 supervacua,
507 401 554 462 alii
568 404 666 462 nervis
679 403 751 477 utili,
766 403 815 462 alii
827 411 897 480 potu
908 402 1117 479 strangulante.

126 486 275 547 ediverso
291 486 403 564 quidam
418 487 500 562 regio
518 485 619 545 morbo
637 504 701 545 cnm
726 488 790 545 vino
808 485 948 546 dederunt
969 495 998 546 et
1015 495 1118 546 contra

125 571 218 630 omnia
232 571 349 630 vesicae
365 571 448 644 vitia,
472 570 538 628 item
556 567 654 628 cordis
669 578 699 628 et
719 569 866 629 iocineris.
896 568 1050 628 extrahere
1070 588 1117 627 re-

84 663 133 718 169
145 653 227 713 uibus
243 653 378 712 harenam
394 651 504 711 dixere.
537 651 702 712 ischiadicis
725 651 887 712 drachmam
910 670 972 711 cum
997 669 1144 726 brumes

125 737 175 797 lite
201 735 237 795 ab
258 735 449 795 ambulatione
472 735 684 813 propitiatore,
711 734 878 794 torminibus
901 753 1016 814 quoque
1038 744 1067 794 et
1089 737 1118 793 in

125 836 212 898 passo
230 819 415 889 utilissimam,
431 817 611 896 praecordiis
623 819 708 878 etiam
723 818 789 878 cibo
806 836 843 877 ex
859 827 943 877 aceto
956 836 1018 878 eam
1033 834 1117 896 prae·

125 904 254 964 dicantes
269 910 458 978 serentesque
472 901 501 959 iu
518 899 618 960 hortis.
666 919 722 960 nec
737 901 856 960 deluere
874 901 922 979 qui
943 910 972 961 et
998 900 1118 960 alterum

124 1003 218 1062 genus
229 984 359 1044 lacerent
373 1002 428 1042 nec
440 984 525 1062 quale
540 993 619 1042 esset
632 983 872 1060 demonstrarent,
886 994 985 1044 contra
997 1001 1116 1063 serpen·

123 1069 160 1127 tis
180 1070 209 1126 in
223 1084 296 1145 aqua
311 1065 464 1126 bibendam
486 1065 682 1151 edendamque
704 1066 893 1127 comitialibus
910 1066 1020 1127 dantes.
1063 1079 1153 1126 nos¹0

125 1169 188 1211 eam
206 1150 342 1210 Romanis
358 1151 564 1230 experimentis
580 1169 717 1229 perusus
733 1150 906 1228 digeremus.
934 1150 1041 1227 lanugo
1056 1151 1118 1209 eius

125 1253 188 1295 cum
203 1250 292 1293 croco
316 1243 345 1293 et
360 1234 465 1310 exiguo
478 1251 571 1311 aquae
588 1233 711 1311 frigidae
727 1234 792 1313 trita
814 1234 939 1293 inlinitur
954 1233 1117 1313 epiphoris,

124 1327 199 1377 tosta
217 1335 280 1377 cum
294 1319 368 1378 mica
385 1317 454 1378 salis
471 1318 594 1377 strumis.

83 1411 134 1467 lto
191 1400 296 1479 (107.)
317 1400 501 1480 Ephemercn
518 1399 588 1460 lolia
604 1400 692 1461 habet
707 1401 764 1476 lili,
789 1401 841 1460 sed
862 1401 988 1476 minora,
1006 1399 1118 1459 caulem

125 1502 233 1564 parem,
248 1483 349 1544 horem
361 1484 535 1559 caeruleum,
554 1502 653 1543 semen
665 1502 884 1564 superuacuum,
896 1483 1023 1543 radicem
1034 1502 1117 1542 unam
1128 1504 1152 1544 rs

124 1567 234 1642 digitali
250 1566 453 1642 crassitudine,
467 1565 600 1626 dentibus
616 1569 801 1647 praecipuam
823 1568 969 1627 concisam
986 1568 1014 1625 in
1030 1576 1116 1626 aceto

124 1649 331 1726 decoctamque
346 1658 376 1708 ut
389 1648 486 1726 tepido
500 1649 677 1708 conluantur.
707 1659 735 1710 et
751 1653 814 1727 ipsa
831 1651 916 1709 etiam
931 1650 1012 1710 radix
1030 1651 1115 1725 sistit,

124 1734 203 1792 cavis
230 1733 312 1790 exesi
340 1732 517 1812 inprimitur,
545 1730 726 1793 chelidoniae
752 1732 834 1792 radix
864 1751 901 1792 ex
934 1742 1018 1793 aceto
1050 1734 1116 1792 trita

126 1815 287 1874 continetur
303 1831 370 1890 ore,
395 1816 489 1874 erosis
511 1823 655 1874 veratrum
677 1816 790 1892 nigrum
808 1816 968 1894 inponitur,
994 1814 1116 1875 mobiles

124 1897 262 1958 utrolibet
276 1897 399 1957 decocto
416 1899 443 1956 in
458 1906 543 1958 aceto
560 1899 714 1958 firmantur.
1125 1913 1151 1953 oo

83 1992 130 2048 171
190 1980 295 2058 (108.)
313 1979 433 2040 habrum
448 1981 613 2041 Venereum
628 1991 734 2042 vocant
753 1982 781 2040 iu
803 1981 915 2042 humine
938 1992 1115 2042 nascentem.

124 2073 169 2124 est
184 2066 210 2123 ei
225 2062 397 2123 vermiculus
414 2066 461 2142 qui
481 2067 558 2124 circa
579 2064 672 2124 dentis
692 2074 812 2125 necatur
833 2073 881 2124 aut
897 2066 975 2125 cauis
991 2064 1116 2125 dentium

124 2165 192 2207 cera
207 2146 368 2207 includitur.
399 2147 555 2206 cavendum
572 2166 607 2206 ne
622 2149 721 2208 avolsa
738 2147 828 2208 herba
844 2157 948 2207 terram
964 2157 1072 2226 tangat.

82 2240 133 2295 172
195 2228 299 2306 (109.)
322 2227 517 2289 Ranunculum
544 2246 681 2289 vocamus
703 2248 786 2308 quam
809 2230 912 2291 Graeci
935 2231 1115 2291 batrachion.

123 2329 233 2389 genera
250 2313 313 2370 eius
329 2320 476 2390 quattuor:
500 2330 584 2372 unum
600 2313 798 2392 pinguioribus
811 2333 894 2392 quam
912 2315 1055 2375 coriandri
1071 2315 1115 2374 lo·
1125 2334 1151 2372 as

121 2395 168 2454 liis
197 2394 282 2455 etad
303 2395 478 2455 latitudinem
500 2394 612 2456 malvae
635 2397 860 2473 accedentibus,
889 2397 992 2458 coloro
1012 2398 1114 2473 livido,

123 2478 204 2540 caule
222 2478 288 2538 albo
309 2479 411 2555 gracili
426 2488 455 2538 et
469 2479 568 2539 radice
588 2479 662 2540 alba.
703 2481 828 2540 nascitur
849 2481 877 2541 in
893 2481 1029 2541 limitibus
1045 2481 1114 2539 umi-

123 2562 166 2622 dis
182 2571 210 2621 et
228 2563 339 2642 opacis.
378 2563 495 2624 alterum
512 2563 661 2639 ioliosius,
682 2563 809 2642 pluribus
825 2564 959 2624 loliorum
972 2564 1114 2638 incisuris,

122 2645 340 2706 altis-caulibus.
372 2648 484 2706 tertium
502 2649 652 2706 minumum
668 2655 722 2724 est,
737 2647 820 2725 gravi
836 2647 944 2718 odore,
968 2646 1041 2707 hore
1065 2664 1113 2706 au·

82 2737 131 2792 173
142 2744 204 2786 rec.
255 2736 382 2807 quartum
403 2730 494 2789 simile
516 2729 583 2789 huic
607 2729 681 2790 hore
701 2729 788 2789 luteo.
833 2731 962 2790 omnibus
982 2731 1027 2788 vis
1050 2743 1151 2788 cau-ao

123 2812 205 2886 stica,
222 2810 245 2868 si
263 2809 348 2870 cruda
366 2810 436 2871 lolia
452 2813 640 2891 inponantur,
663 2812 837 2892 pusulasque
858 2823 889 2872 ut
907 2816 984 2891 ignis
999 2813 1115 2872 iaciunt.

122 2892 188 2951 ideo
206 2891 240 2952 ad
255 2892 352 2972 lepras
370 2902 399 2952 et
414 2913 517 2972 psoras
533 2896 569 2955 iis
584 2904 698 2956 utuntur
719 2904 748 2955 et
767 2896 803 2955 ad
824 2895 952 2957 tollenda
974 2897 1116 2972 stigmata,

123 2977 314 3053 causticisque
330 2976 461 3039 omuibus
482 2981 613 3039 miscent.
656 2979 798 3057 alopeciis
817 2981 956 3057 inponunt
980 2979 1117 3039 celeriter

122 3068 315 3119 removentes.
351 3060 434 3121 radix
459 3063 486 3120 in
513 3062 615 3123 dolore
638 3061 859 3122 conmanducata
883 3063 988 3124 diutius
1011 3060 1117 3139 rumpit

81 3151 132 3206 lit
146 3142 250 3220 dentis,
270 3142 370 3202 eadem
387 3145 465 3206 sicca
483 3146 600 3206 concisa
617 3154 838 3206 sternumentum
854 3155 907 3206 est.
940 3146 1031 3207 nostri
1048 3145 1113 3205 her·
1125 3157 1150 3199 as

123 3225 195 3286 barii
211 3234 345 3286 strumum
361 3246 423 3289 eam
438 3237 552 3304 vocant,
569 3229 701 3308 quoniam
713 3229 843 3291 medetur
860 3232 973 3291 strumis
989 3237 1018 3289 et
1032 3229 1115 3308 panis

123 3319 204 3389 parte
222 3312 249 3369 in
264 3310 342 3369 fumo
359 3328 511 3389 suspensa,
528 3311 704 3391 creduntque
726 3332 760 3373 ea
775 3332 873 3372 rursus
891 3322 953 3372 sata
969 3311 1116 3372 rebellare

125 3411 197 3469 quae
224 3394 389 3453 curaverint
415 3394 498 3469 vitia,
525 3409 582 3472 quo
605 3396 719 3455 scelere
750 3403 779 3452 et
800 3395 966 3473 plantagine
989 3403 1114 3455 utuntur.
