2400 3840
142 208 177 267 14
495 219 525 267 c.
541 220 637 267 rurus
653 219 802 269 uacuum

95 386 129 441 59
201 372 229 434 2.
266 372 348 453 (28.)
380 373 502 434 Acetum
521 372 663 432 scillinum
679 374 870 434 inveteratum
884 375 974 451 magis
988 371 1143 453 probatur.⁴

96 458 164 545 ²⁰,qu
186 458 308 537 prodest
322 474 411 537 super
429 475 464 517 ea
481 472 555 535 quae
572 455 694 516 diximus
710 457 913 518 acescentibus
931 456 1017 535 cibis,
1031 493 1076 505 -
1087 477 1139 536 gu-

138 550 213 602 statu
236 542 311 602 enim
326 541 443 602 discutit
457 556 580 620 poenam
601 557 675 617 eam,
691 575 732 586 -
744 548 774 601 et
791 540 836 600 his
850 543 898 620 qui
910 542 999 601 ieiuni
1010 549 1140 619 vomant,

137 625 297 686 -callum
319 625 394 685 enim
414 624 537 684 lancium
557 623 626 684 iacit
646 641 680 683 ac
695 623 853 701 stomachi,
869 657 913 671 —
942 625 1064 686 odorem
1078 627 1141 686 oris

139 708 232 786 tollit,
256 710 390 786 gingivas
404 707 572 786 adstringit,
598 707 693 768 dentis
711 708 819 785 lirrnat,
839 708 970 768 colorem
988 708 1167 770 meliorems

138 801 275 872 praestat.
310 791 472 851 tarditatem
487 808 603 870 quoque
620 793 728 852 aurium
742 793 977 870 gargarizatione
992 801 1098 871 purgat
1110 801 1142 854 et

138 877 289 936 transitum
314 873 426 934 auditus
452 877 556 955 aperit.
601 875 749 936 oculorum
773 878 864 937 aciem
890 874 988 937 obiter
1013 878 1140 954 exacuit,

138 958 349 1035 comitialibus,
367 957 601 1036 melancholicis,
619 961 827 1038 vertiginosis,
844 959 992 1020 volvarum
1010 969 1142 1038 amangu-

139 1042 315 1119 latlouibus,
331 1044 480 1122 percussis
495 1051 543 1104 aut
558 1045 758 1123 praecipitatis
775 1052 805 1104 et
820 1043 857 1104 ob
873 1043 902 1104 id
917 1045 1058 1121 sanguiue
1073 1061 1142 1106 con·

137 1125 276 1204 globato,
292 1127 391 1186 neruis
408 1127 526 1188 iulirmis
535 1170 545 1205 ,
561 1129 672 1187 renium
686 1129 766 1188 vitiis
781 1145 920 1208 perquam
935 1127 1018 1205 utile,
1037 1145 1140 1189 caveu-
1151 1141 1176 1183 ru

138 1210 402 1283 dumexulceratis.

95 1307 130 1362 60
203 1294 285 1375 (29.)
318 1293 451 1373 Oxymeli
474 1296 600 1375 antiqui,
628 1303 659 1356 ut
681 1294 828 1357 Dieuches
852 1295 954 1372 tradit,
980 1294 1037 1355 hoc
1054 1294 1140 1355 modo

138 1380 353 1461 temperabant:
387 1380 482 1442 mellis
511 1383 600 1442 minas
627 1380 744 1458 decem,
774 1381 849 1440 aceti
874 1380 985 1439 veteris
1013 1379 1141 1439 heminas

138 1467 205 1543 quin
227 1483 282 1543 ue,
299 1465 368 1526 salis
386 1466 486 1526 marini
502 1465 599 1545 pondo
617 1463 718 1525 libram
733 1464 936 1542 quadrantem,
962 1479 1055 1538 aquae
1071 1461 1143 1545 [ma-

138 1483 234 1629 simod
256 1551 402 1608 sextarios
420 1551 546 1625 quinque
560 1549 670 1625 pariter
689 1544 853 1620 coquebant
869 1540 988 1598 deciens
1007 1545 1177 1606 deferre-rs

95 1642 125 1695 δι
142 1638 243 1690 scente
256 1631 379 1704 cortina,
395 1637 481 1705 atque
494 1630 533 1686 ita
543 1625 739 1688 diffundebant
754 1621 1021 1700 inveterabantque.
1047 1638 1145 1687 sustu·

138 1711 172 1773 lit
188 1719 279 1771 totum
293 1709 321 1769 id
339 1709 532 1788 Asclepiades
550 1707 756 1783 coarguitque,
773 1739 817 1749 -
831 1724 893 1764 nam
910 1708 996 1766 etiam
1010 1708 1040 1766 in
1052 1708 1144 1771 febri·

139 1795 192 1854 bus
213 1792 359 1868 databant,
380 1823 424 1838 -
452 1791 600 1869 profuisse
624 1797 719 1850 tamen
740 1791 847 1849 latetur
868 1799 969 1851 contra
992 1797 1142 1871 serpentis

138 1894 209 1957 quas
230 1894 316 1955 sepas
339 1883 442 1936 vocant
463 1882 493 1935 et
508 1881 610 1935 contra
625 1875 786 1933 meconium
806 1890 839 1933 ao
856 1876 966 1934 viscum
982 1885 1012 1936 et
1027 1880 1141 1955 anginis

138 1960 258 2024 ualidum
281 1960 492 2039 gargarizatum
512 1966 543 2018 et
566 1956 703 2032 auribus,
730 1959 790 2019 oris
815 1960 1001 2037 gutturisque
1024 1962 1176 2026 deside-aa

136 2047 205 2123 riis,
228 2062 302 2125 quae
325 2060 399 2104 nuno
422 2041 516 2102 omnia
533 2041 666 2118 oxyalme
690 2044 880 2120 contingunt,
907 2043 997 2103 idest
1023 2045 1086 2105 sale
1112 2055 1142 2106 et

136 2137 221 2190 noeto
238 2136 376 2203 recente,
392 2125 547 2187 efficacius.
674 2189 676 2192 Α
1074 2188 1077 2195 ,

93 2223 127 2278 62
202 2212 283 2292 (30.)
315 2210 391 2270 Vino
413 2216 536 2285 cognata
556 2228 606 2270 res
631 2227 701 2288 sapa
724 2220 770 2272 est
789 2220 885 2272 musto
907 2212 1030 2273 decocto
1047 2213 1141 2274 donec

136 2297 222 2356 tertia
244 2312 312 2374 pars
335 2294 471 2372 supersit.
506 2311 544 2353 ex
565 2292 632 2353 albo
649 2293 705 2354 hoo
725 2296 837 2356 melius.
868 2315 936 2356 usus
958 2305 1059 2357 contra
1076 2317 1140 2358 oan-

135 2378 277 2455 tharidas‚
305 2378 481 2458 buprestim,
509 2379 641 2456 pinorum
661 2396 764 2439 urucas
786 2398 857 2459 quas
872 2383 1070 2459 pityocampas
1088 2398 1173 2443 vo-as

134 2470 217 2540 cant,
253 2461 462 2538 salamandras,
490 2470 589 2522 contra
616 2462 776 2524 mordentia
802 2473 953 2525 venenata.
998 2466 1139 2525 secundas

134 2553 293 2626 partusque
307 2554 455 2607 emortuos
466 2545 553 2606 trahit
566 2565 629 2606 oum
641 2546 738 2607 bulbis
750 2557 857 2627 potum.
880 2547 1024 2608 Fabianus
1037 2557 1141 2609 auctor

134 2639 181 2691 est
199 2648 341 2692 venenum
358 2649 442 2709 csse,
461 2633 485 2692 si
503 2632 567 2711 quis
584 2631 697 2691 ieiunus
712 2649 728 2691 a
743 2631 867 2693 balineis
883 2632 912 2691 id
928 2633 1017 2692 bibat.

92 2724 126 2780 63
201 2715 283 2794 (31.)
322 2712 513 2793 Consequens
541 2714 642 2775 horum
676 2723 722 2775 est
757 2716 824 2776 iaex
846 2717 890 2776 sui
918 2718 1057 2793 cuiusque
1088 2736 1140 2794 ge-

133 2798 220 2858 neris.
252 2795 333 2877 Ergo
359 2801 418 2859 vini
439 2800 570 2859 faecibus
596 2806 673 2858 tanta
694 2801 738 2858 vis
759 2807 804 2859 est
824 2809 856 2859 ut
877 2799 1083 2860 descendentis
1108 2802 1172 2864 inas

133 2898 220 2959 cupas
237 2891 350 2943 enecet.
382 2884 612 2961 experimentum
629 2882 753 2942 demissa
770 2884 893 2962 praebet
909 2884 1026 2944 lucerua
1044 2904 1138 2964 quam-

133 2964 179 3025 diu
197 2967 400 3045 exstinguatur
415 2966 576 3045 periculum
591 2965 768 3026 denuntians.
798 2967 888 3028 inlota
899 2970 1037 3028 miscetur
1050 2970 1138 3029 medi·

132 3051 288 3127 cameulis,
308 3070 370 3111 cunr
386 3049 466 3110 iridis
482 3067 555 3110 vero
571 3052 633 3128 pari
648 3052 779 3128 pondere
797 3052 999 3130 eruptionibus
1015 3054 1137 3130 pituitae

131 3133 277 3212 inlinitur,
310 3144 340 3195 et
366 3136 443 3195 sicca
467 3133 515 3193 vel
540 3133 650 3193 madida
672 3144 773 3196 contra
794 3135 947 3216 phalangia
970 3145 1000 3195 et
1022 3138 1137 3197 testium

131 3236 369 3297 mammarumque
384 3218 598 3279 inflammationi
613 3218 662 3278 vel
677 3220 706 3279 iu
730 3237 907 3298 quacumque
924 3227 1007 3299 parte
1033 3237 1171 3300 corpo-au

130 3304 189 3379 ria,
206 3304 274 3365 item
287 3321 350 3364 cum
371 3303 526 3363 hordeacia
538 3302 630 3362 iarina
643 3311 672 3363 el
689 3305 761 3363 turis
782 3303 893 3382 polline
907 3305 936 3362 in
956 3304 1024 3364 uiuo
1043 3312 1135 3365 cocta.

87 3394 122 3448 64
132 3395 275 3448 crematur
303 3396 333 3448 et
359 3389 472 3447 siccata.
511 3387 740 3465 experimentum
762 3396 808 3447 est
831 3387 961 3464 legitime
984 3397 1085 3466 coctae
1105 3396 1137 3448 ut

129 3469 306 3547 refrigerata
324 3470 449 3550 linguam
465 3479 542 3532 tactu
554 3470 686 3531 videatur
702 3488 797 3531 urere.
828 3471 981 3532 celerrime
994 3473 1137 3532 exanima·
