2400 3840
241 223 322 270 unu.
340 220 430 268 nrsr.
446 218 571 271 xxv111.
588 220 630 270 11.
649 218 692 270 12.
707 211 859 288 (aa-502)
990 211 1048 273 189

63 394 161 438 eornm
178 376 349 455 plerumque
365 375 487 433 inveniri
504 390 581 432 ossa.
612 373 685 434 haec
702 373 856 450 adalligata
873 377 993 435 eundem
1008 377 1050 436 ef·

63 463 169 521 lectum
185 458 302 533 habeut,
319 459 386 517 item
400 457 530 536 leporina
549 458 672 533 coagula
692 474 746 534 per
758 472 854 515 aurern
869 459 962 519 inlusa
982 478 1050 519 con-

61 555 105 604 tra
122 542 250 617 dolores,
267 548 297 599 et
311 542 413 618 eapitis
425 558 522 601 eorum
536 542 606 600 einis
622 540 810 599 dentifricium
823 550 868 599 est
879 543 1051 622 adiectoque

63 626 152 686 nardo
169 625 276 684 mulcet
296 624 523 700 graveolentiam
549 625 618 683 oris.
640 623 737 700 -aliqui
760 625 933 685 murinorum
955 630 1093 704 capi-179

40 721 122 770 stram
151 709 276 768 cinerem
298 708 449 767 miscuisse
471 707 585 770 malunt.
614 709 758 784 reperitur
778 708 806 767 iu
828 707 919 769 latere
940 711 1050 788 leporis

62 812 116 854 acu
132 809 165 851 os
182 791 289 867 simile,
312 790 369 850 hoc
384 791 550 870 scariphare
567 790 659 850 dentis
679 792 708 848 iu
729 791 831 850 dolore
853 793 982 852 suadent.
1009 801 1050 852 ta·
1162 841 1163 844 ,

63 878 107 936 lus
131 875 255 934 bubulus
277 891 418 934 accensus
440 891 493 934 eos
519 874 567 952 qui
586 873 686 933 labent
712 892 775 932 cunr
797 875 900 936 dolore
921 875 1051 935 admotus

63 961 220 1020 confirmat.
252 959 378 1018 eiusdem
403 960 473 1018 cinis
496 975 558 1016 oum
572 974 665 1016 murra
686 957 874 1018 dentifricium
897 969 952 1018 est.
984 977 1051 1019 ossa

63 1060 179 1122 quoqne
203 1061 240 1101 ex
262 1042 373 1118 ungulis
396 1059 476 1100 suum
497 1039 644 1100 combusta
663 1041 783 1100 eundem
803 1061 882 1102 usum
902 1043 1052 1122 praebent,

28 1151 54 1193 ιο
63 1129 130 1186 item
150 1143 217 1186 ossa
233 1143 270 1185 ex
282 1123 440 1185 acetabulis
453 1141 605 1201 pernarum
620 1126 699 1182 circa
710 1142 783 1202 qnae
800 1126 975 1186 coxendices
986 1145 1051 1186 ver·

62 1217 167 1270 tantur.
198 1207 300 1267 iisdem
317 1208 412 1266 sanari
427 1206 558 1265 demissis
573 1208 600 1264 iu
616 1206 708 1265 furacis
724 1209 912 1268 iumentorum
928 1211 1095 1274 vermi-180

62 1294 193 1352 nationes
209 1299 306 1349 notum
320 1298 380 1366 est,
404 1289 456 1348 sed
478 1298 507 1347 et
522 1288 679 1349 combustis
693 1289 786 1350 dentis
803 1292 981 1366 confirmari,
998 1293 1051 1352 asi-

62 1378 128 1434 nino
145 1390 260 1451 quoque
275 1373 351 1432 lacte
369 1389 510 1449 percussu
526 1381 648 1432 vexatos
669 1371 854 1433 euidentiam
870 1374 997 1434 eiusdem
1013 1376 1052 1433 ci-

62 1475 150 1532 nere,
167 1459 234 1514 item
249 1454 363 1514 lichene
378 1456 446 1532 equi
463 1473 525 1515 cunr
542 1457 609 1515 oleo
624 1456 719 1515 infuso
736 1475 789 1534 per
809 1475 916 1517 aurem.
946 1467 991 1516 est
1005 1474 1052 1515 au-

29 1552 121 1602 ntem
136 1539 193 1598 hoc
210 1555 266 1599 nou
282 1537 489 1615 hippomanes,
517 1539 593 1617 quod
608 1539 716 1617 alioqui
729 1541 845 1599 noxium
861 1542 977 1616 omitto,
1000 1538 1052 1598 sed

63 1627 92 1683 in
112 1639 250 1699 equorum
270 1621 393 1698 genibus
414 1639 449 1680 ac
464 1640 552 1698 super
566 1623 698 1700 ungulas.
728 1633 881 1701 praeterea
898 1625 927 1682 iu
944 1623 1033 1682 corde
1045 1632 1091 1687 181

64 1724 200 1786 equorum
218 1706 360 1765 invenitur
375 1724 409 1766 os
424 1704 556 1765 dentibus
576 1707 684 1766 caninis
705 1711 842 1767 maxumis
865 1707 974 1784 simile,
996 1706 1053 1766 hoc

63 1789 223 1868 scariphari
239 1789 370 1849 dolorem
386 1798 434 1848 aut
448 1799 583 1868 exempto
604 1789 690 1850 deute
708 1793 827 1851 emortui
845 1793 912 1869 equi
929 1789 1053 1850 maxillis

63 1876 259 1935 adnumerum
275 1875 336 1933 eius
358 1874 406 1951 qui
424 1873 523 1933 doleat
546 1873 749 1933 demonstrant.
780 1893 916 1953 equamm
938 1876 1053 1933 virusa

28 1960 140 2024 zoooitu
165 1961 194 2016 in
217 1957 369 2032 ellychniis
391 1974 544 2020 accensum
560 1956 718 2016 Anaxilaus
738 1957 864 2036 prodidit
885 1958 1053 2034 equinorum

63 2042 186 2118 capitum
203 2058 270 2099 usus
289 2049 512 2118 repraesentare
533 2040 725 2115 monstrifice,
744 2041 873 2099 similiter
894 2059 931 2098 ex
955 2041 1052 2098 asinis.

62 2143 125 2185 narn
143 2124 334 2201 hippomanes
349 2131 442 2182 tantas
457 2123 485 2181 iu
506 2123 649 2182 veneficio
672 2123 741 2181 viris
765 2123 852 2182 habet
877 2132 906 2182 ut
926 2123 1054 2182 adfusum

64 2210 140 2266 aeris
162 2209 302 2266 mixturae
324 2209 352 2266 in
379 2205 505 2282 effigiem
528 2223 622 2284 equae
644 2205 795 2284 Olympiae
818 2207 948 2267 admotos
968 2207 1053 2265 maris

64 2308 155 2368 equos
179 2290 214 2349 ad
237 2289 346 2349 rabiem
362 2290 454 2348 coitus
473 2299 550 2366 agat.
579 2291 709 2350 medetur
725 2290 856 2350 dentibus
877 2298 906 2350 et
927 2288 1033 2349 fabrile
1045 2297 1096 2352 182

28 2374 201 2450 25glutinum
223 2376 251 2431 iu
267 2390 342 2451 aqna
358 2371 510 2432 decoctum
529 2373 637 2432 inlitum
655 2383 683 2432 et
697 2390 765 2432 ruox
785 2374 873 2452 paulo
895 2374 1054 2433 detractum

63 2459 102 2515 ita
118 2466 147 2516 ut
164 2456 315 2515 confestim
337 2456 487 2514 uoluuntur
506 2456 573 2514 vino
594 2457 622 2513 in
640 2473 696 2532 quo
711 2456 825 2515 decocti
846 2464 910 2514 sunt
930 2458 1053 2514 cortices

62 2538 128 2598 mali
148 2538 244 2597 Punici
269 2537 370 2597 doleis.
407 2537 512 2596 efficax
532 2536 654 2596 habetur
678 2547 707 2596 et
728 2539 846 2615 caprino
873 2538 949 2596 lacte
977 2537 1054 2596 colui

63 2621 156 2680 dentis
172 2619 221 2678 vel
236 2619 305 2678 felle
321 2620 439 2678 taurino.
468 2618 590 2678 talorum
610 2637 714 2696 caprae
731 2622 889 2678 recentium
902 2620 973 2679 ciuis
986 2619 1054 2678 den-

62 2703 168 2765 tifricio
184 2701 281 2780 placet
296 2711 325 2761 et
340 2704 462 2760 omnium
478 2701 541 2760 fere
561 2701 750 2763 villaticarum
773 2702 994 2781 quadripedum,
1018 2718 1054 2761 ne

28 2816 53 2857 ³0
63 2790 180 2865 saepius
193 2786 292 2846 eadem
313 2786 450 2845 dicantur.

128 2871 175 2931 ta.
200 2871 284 2949 (50.)
305 2868 404 2930 cutem
427 2870 455 2927 iu
475 2869 551 2930 facie
575 2870 688 2946 erugari
703 2879 732 2929 et
753 2878 942 2930 tenerescere
969 2879 1098 2934 can-183

63 2954 136 3014 dore
158 2954 300 3013 custodito
323 2955 398 3013 lacte
417 2955 527 3014 asinino
543 2961 657 3034 putant,
680 2963 835 3032 notumque
856 2963 901 3013 est
919 2953 1055 3032 quasdam

65 3037 171 3097 cotidie
189 3038 399 3115 septingenties
415 3038 557 3098 custodito
574 3054 693 3096 numero
709 3038 821 3097 fovere.
846 3038 983 3116 Poppaea
999 3036 1055 3095 hoc

64 3121 187 3180 Neronis
205 3121 343 3197 principis
358 3121 476 3179 instituit
491 3121 666 3182 balinearum
690 3139 805 3199 quoque
827 3121 902 3181 solia
923 3122 965 3179 sic
985 3129 1055 3178 tem-

29 3233 55 3274 εὖ
68 3220 189 3283 perans,
207 3201 244 3260 ob
260 3203 317 3262 hoc
333 3203 473 3261 asinarum
491 3203 628 3280 gregibus
650 3202 936 3263 concomitantibus.
967 3202 1055 3279 impe-

67 3297 111 3346 tus
132 3288 250 3363 pituitae
274 3288 301 3344 iu
322 3285 398 3344 facie
420 3284 523 3360 buturo
541 3286 621 3345 inlito
643 3286 797 3361 tolluntur,
822 3286 972 3345 efficacius
994 3302 1056 3343 cunr

67 3386 203 3445 cerussa,
227 3371 342 3428 siucero
358 3385 430 3427 vero
452 3385 486 3427 ea
507 3369 575 3428 vitia
589 3386 662 3446 quae
685 3379 819 3447 serpunt,
843 3369 1055 3446 superinposita

65 3451 157 3510 farina
178 3451 361 3528 hordeacea,
382 3452 481 3511 ulcera
498 3452 526 3510 iu
552 3452 628 3510 facie
646 3452 810 3511 membrana
831 3471 847 3510 e
875 3460 961 3529 partu
973 3450 1066 3507 honis
