2400 3840
150 178 212 240 292
266 224 272 245 ,
492 187 522 234 c.
538 185 632 234 antur
647 183 798 232 succum

150 351 257 419 tenuat,
273 341 404 424 tonsillas
419 339 501 400 sedat
516 348 547 399 et
561 340 681 415 anginas
699 348 728 398 et
741 339 834 398 omnia
849 338 909 397 oris
924 337 1003 414 vitia,
1016 339 1154 416 privatin

149 443 249 487 nomas
263 424 313 502 ibi,
328 428 396 485 item
407 426 532 485 testium.
552 422 669 482 naribus
682 423 791 482 inlitum
803 419 955 480 comitialis
967 423 1055 498 erigit
1067 422 1153 483 attol-

149 512 251 588 litque.
279 508 354 568 idem
378 526 441 568 cum
463 508 632 568 vernatione
653 508 787 583 anguium
811 512 896 564 aceto
916 503 1042 564 admixto
1067 510 1154 567 unice

150 593 310 673 purulentis
332 592 447 652 auribus
472 591 602 670 prodeat.
634 591 746 668 quidam
767 587 903 648 bubulum
924 587 967 648 lel
991 589 1155 649 admiscent

150 677 373 737 decoctarumve
392 676 518 735 carnium
532 672 683 733 testudinis
699 690 799 732 sucum
822 671 919 732 addita
934 689 1029 750 aeque
1046 691 1175 732 verna-s

108 773 142 826 38
152 761 230 820 tione
245 761 389 836 anguium.
418 757 470 817 sed
484 758 552 817 vino
567 756 738 816 testudinem
753 762 907 815 excocunt.
931 755 1083 814 oculorum
1100 757 1152 815 uti·

151 862 206 923 que
222 844 289 902 vitia
304 843 398 902 omnia
413 840 454 900 iel
469 842 614 899 inunctum
628 859 691 900 cum
706 838 794 900 melle
806 837 948 914 emendat,
966 838 1154 899 subfusiones

151 929 235 986 etiam
255 927 382 984 marinae
403 923 444 982 iel
464 942 528 983 oum
543 924 689 984 lluviatilis
705 925 844 1000 sauguine
864 930 893 980 et
911 920 999 982 lacte.
1029 923 1154 1000 capillus

149 1009 299 1070 mulierum
319 1007 443 1066 inlicitur
465 1006 552 1084 felle,
578 1017 679 1067 contra
701 1005 895 1066 salamandras
916 1006 966 1065 vel
986 1023 1087 1066 sucum
1104 1006 1153 1065 de·

108 1106 142 1160 39
155 1101 257 1153 coctae
281 1088 392 1149 bibisse
413 1093 483 1150 satis
507 1100 560 1150 est.
594 1091 720 1150 Tertium
742 1107 835 1168 genus
858 1089 1032 1150 testudinum
1057 1100 1104 1150 est
1125 1090 1184 1152 iuro

150 1192 242 1236 caeno
258 1184 287 1234 et
302 1173 455 1252 paludibus
469 1176 634 1234 viventium.
657 1173 776 1234 latitudo
792 1173 836 1233 his
848 1181 877 1231 et
891 1173 919 1231 iu
931 1173 1021 1234 dorso
1037 1174 1154 1253 pectori

150 1258 268 1333 similis,
290 1276 346 1317 uec
370 1274 503 1318 convexo
528 1267 646 1318 curvata
666 1257 785 1334 calyce,
808 1258 921 1333 ingrata
940 1258 1014 1316 visu.
1043 1276 1083 1317 ex
1098 1257 1154 1317 hac

151 1360 266 1421 quoque
282 1352 377 1402 tamen
393 1341 488 1420 aliqua
504 1342 671 1418 contingunt
686 1342 801 1401 auxilia.
828 1349 887 1399 tres
901 1357 1027 1418 namque
1041 1342 1070 1400 in
1088 1358 1153 1400 suo·

152 1444 240 1486 censa
255 1436 398 1485 sarmenta
415 1427 547 1485 coiectae
558 1424 749 1484 dividentibus
765 1443 797 1483 se
812 1425 977 1500 tegimentis
993 1425 1153 1503 rapiuntur,

149 1519 206 1569 tum
223 1509 342 1569 evolsae
362 1527 465 1568 carues
480 1527 577 1568 earum
593 1517 731 1568 cocuntur
745 1509 774 1567 in
787 1509 894 1583 congio
910 1523 1001 1584 aquae
1017 1507 1081 1568 sale
1092 1525 1152 1567 mo·
1162 1522 1184 1562 rs

150 1593 216 1652 dice
232 1592 340 1668 addito,
357 1595 395 1651 ita
413 1591 600 1652 decoctarum
617 1592 653 1652 ad
667 1593 768 1651 tertias
785 1593 876 1669 partis
892 1608 978 1649 sucus
995 1591 1154 1670 paralysim

151 1685 180 1734 et
193 1674 375 1734 articularios
389 1674 506 1734 morbos
524 1674 715 1736 sentientibus
730 1674 845 1733 bibitur.
868 1673 992 1734 detrahit
1005 1674 1081 1734 idem
1101 1674 1153 1751 iel,

150 1759 268 1836 pituitas
283 1759 509 1836 sanguinemque
523 1760 659 1818 vitiatum.
686 1760 796 1817 sistitur
815 1757 851 1817 ab
867 1774 903 1817 eo
920 1758 1050 1818 remedio
1068 1757 1154 1818 alvos

108 1851 247 1918 eoaquae
264 1839 387 1916 frigidae
404 1849 484 1917 potu.
512 1840 536 1900 Ε
557 1850 658 1918 quarto
681 1858 790 1917 genere
810 1840 981 1901 testudinum
997 1859 1073 1919 quae
1088 1850 1155 1901 suut

151 1927 179 1983 in
197 1922 327 1983 amnibus
342 1923 516 1983 divolsarum
529 1925 644 2004 pinguia
658 1942 720 1984 oum
732 1926 815 1985 aizoo
828 1923 919 1984 herba
931 1932 1013 1983 tunsa
1025 1925 1153 1985 admixto
1162 1943 1186 1984 ro

151 2015 297 2084 unguento
308 2016 337 2065 et
349 2009 457 2067 semiue
468 2007 520 2084 lili,
529 2010 552 2067 si
565 2017 631 2068 aute
643 2009 831 2068 accessiones
843 2016 1059 2086 perunguantur
1072 2008 1154 2084 aegri

151 2100 269 2169 praeter
281 2100 378 2169 caput,
390 2109 458 2150 mox
473 2092 622 2151 convoluti
634 2091 755 2151 calidam
770 2109 871 2171 aquam
884 2089 991 2167 bibant,
1006 2093 1155 2168 quartanis

150 2174 276 2234 liberare
294 2172 434 2233 dicuntur.
464 2175 537 2233 hauc
560 2174 729 2234 testudinem
750 2177 847 2253 quinta
863 2174 981 2235 decuma
1003 2174 1071 2234 luna
1088 2175 1155 2252 oapi

153 2266 292 2335 oportere
315 2265 345 2315 ut
370 2256 435 2334 plus
455 2258 600 2334 pinguium
621 2259 793 2335 reperiatur,
817 2277 917 2318 verum
934 2274 1054 2334 aegrum
1069 2266 1154 2317 sexta

152 2340 271 2398 decuma
287 2338 354 2398 luna
370 2343 521 2417 perungui.
545 2359 582 2400 ex
599 2342 702 2400 eodem
717 2358 828 2417 genere
846 2342 1017 2401 testudinum
1034 2343 1186 2417 sauguisaa

109 2433 141 2487 41
155 2423 308 2482 instillatus
324 2422 447 2483 cerebro
465 2425 567 2502 capitis
585 2424 703 2485 dolores
718 2423 815 2501 sedat,
835 2426 902 2484 item
918 2433 1050 2483 strumas.
1081 2426 1154 2484 Sunt

153 2507 201 2584 qui
217 2506 388 2565 testudinum
407 2508 574 2584 sauguinem
592 2509 685 2568 cultro
707 2526 797 2569 aereo
822 2511 985 2587 supinarum
1009 2507 1153 2585 capitibus

153 2590 293 2670 praecisis
311 2591 408 2669 excipi
424 2609 501 2652 novo
516 2593 597 2651 lictili
612 2592 738 2666 iubeant,
751 2592 848 2668 iguem
862 2609 976 2651 sacrum
991 2593 1152 2650 cuiuscum-

153 2691 209 2751 que
225 2675 341 2749 generis
354 2677 493 2751 sanguine
504 2675 594 2751 inlini,
607 2678 674 2735 item
687 2676 791 2753 capitis
806 2676 905 2735 ulcera
920 2677 1072 2750 manantia,
1084 2692 1152 2732 ver·

152 2775 247 2816 rucas.
264 2755 349 2815 iidem
362 2759 527 2834 promittuut
537 2760 708 2819 testudinum
721 2761 843 2818 omnium
855 2760 922 2818 limo
932 2775 1024 2836 panos
1036 2757 1150 2817 discuti.
1160 2774 1186 2816 ao

153 2848 233 2898 et—
246 2840 415 2899 incredibile
432 2841 559 2901 dictu-
570 2843 658 2920 aliqui
672 2842 786 2902 tradunt
800 2841 908 2902 tardius
923 2843 967 2901 ire
978 2842 1094 2918 navigia
1110 2850 1151 2900 te·

153 2922 273 2982 studinis
289 2923 391 2999 pedem
404 2923 535 2984 dextrum
550 2927 695 2984 vehentia.

86 3015 144 3068 ⁶42
217 3007 300 3084 (ts.)
322 3006 395 3066 Hinc
417 3007 520 3067 deiude
540 3011 569 3067 iu
591 3007 710 3069 morbos
732 3008 897 3086 digeremus
919 3007 1070 3087 aquatilia,
1095 3024 1153 3067 non

153 3092 219 3169 quia
238 3092 405 3166 ignoremus
420 3093 577 3168 gratiorem
595 3110 662 3151 esse
683 3093 898 3152 universitatem
916 3091 1078 3152 animalium
1093 3108 1152 3150 rna-

152 3176 281 3251 iorisque
300 3175 439 3250 miraculi,
456 3175 508 3234 sed
522 3174 579 3234 boo
596 3175 693 3236 utilius
709 3186 753 3236 est
767 3178 856 3253 vitae,
869 3175 1029 3237 contributa
1041 3174 1186 3236 haberent

152 3258 288 3331 remedia,
305 3276 368 3317 cum
386 3258 462 3318 aliud
485 3258 534 3318 alii
551 3261 654 3338 prosit,
671 3261 747 3321 aliud
762 3261 830 3320 alibi
850 3261 963 3321 facilius
979 3261 1152 3320 inveniatur.

110 3348 145 3403 ta
215 3343 243 3401 5.
268 3341 351 3419 (16.)
373 3341 553 3401 Veueuatum
568 3342 625 3402 mel
639 3343 762 3404 diximus
777 3345 824 3404 ubi
839 3355 1017 3405 nasceretur.
1042 3344 1152 3403 auxilio

110 3420 216 3467 ²¹¹⁷⁴⁸t¹t
227 3433 272 3483 est
283 3425 372 3501 piscis
383 3434 482 3484 aurata
493 3427 521 3484 in
535 3425 611 3486 cibo.
633 3427 680 3486 vel
693 3429 718 3487 si
730 3447 767 3488 ex
778 3429 865 3488 melle
877 3431 991 3489 siucero
1005 3427 1152 3488 fastidium
