2400 3840
239 164 246 177 '
305 182 809 264 nau.u1sc.xxx1.e.(ar-at.)
991 187 1052 250 aot

59 364 147 409 aerea
164 347 291 407 inficiunt
306 356 354 407 aut
370 347 395 406 si
414 347 560 424 legamina
578 349 659 409 tarde
680 359 854 428 percocnnt,
878 352 903 410 si
925 352 1052 430 liquatae

59 433 164 491 leniter
181 439 286 490 terrum
302 430 444 490 relincunt
465 431 664 511 decoctaeque
688 436 793 493 crassis
814 434 961 494 obducunt
983 453 1052 494 vasa

60 515 172 574 crustis.
194 523 237 573 est
250 513 400 573 etiamnum
412 513 573 574 vitiumnon
584 515 711 576 foetidae
722 515 808 576 modo
821 535 921 577 verum
932 519 1047 578 omnino
1059 527 1093 581 37

60 597 210 676 quicquam
240 597 420 674 recipientis,
452 597 602 658 iucundum
629 599 666 658 sit
693 599 763 660 illud
787 600 856 659 licet
881 609 1053 679 gratumque

36 689 89 745 set
105 688 134 738 nt
147 697 236 758 saepe
253 679 290 739 ad
303 680 434 739 viciniam
449 679 532 740 lactis
544 682 697 742 accedens.
725 701 826 762 aquam
837 683 980 743 salubrem
992 685 1053 744 aeri

60 780 143 841 quam
158 761 327 822 simillimam
337 780 404 822 esse
420 772 544 841 oportet.
574 782 646 824 unus
660 768 688 825 in
700 775 761 826 toto
772 766 844 826 orbe
858 766 1053 827 traditurions

59 862 153 923 aquae
169 845 293 906 iocunde
309 846 412 907 olentis
431 847 462 905 iu
476 846 685 925 Mesopotamia
705 848 846 911 Chabura.
876 849 991 910 tabulae
1006 868 1051 910 ra·

59 930 164 988 tionem
176 927 318 1006 adierunt,
332 931 465 1008 qnoniam
477 946 514 989 eo
527 929 597 989 luno
610 932 727 1009 perfusa
738 934 785 994 sit.
804 933 840 995 de
852 942 952 993 cetero
965 950 1052 1012 aqua-

58 1029 120 1073 rum
136 1011 288 1071 salubrium
304 1029 392 1090 sapor
407 1011 519 1072 odorve
532 1013 625 1073 nullus
641 1033 708 1076 esse
722 1016 819 1078 debet.

24 1108 50 1152 ao
123 1093 206 1172 (23.)
229 1094 349 1168 Quidam
365 1103 472 1154 statera
487 1094 612 1156 iudicant
632 1099 667 1157 de
689 1099 869 1175 salubritate,
891 1100 1048 1161 frustrante
1060 1109 1094 1162 38

59 1176 224 1253 diligentia,
247 1176 359 1255 quando
377 1194 526 1254 perrarum
541 1187 586 1237 est
605 1189 634 1239 ut
649 1181 742 1240 levior
757 1183 793 1240 sit
808 1182 913 1259 aliqua.
945 1183 1054 1242 certior

59 1259 202 1320 subtilitas
216 1261 289 1317 iuter
304 1259 382 1337 puris
405 1260 554 1320 meliorem
577 1280 643 1322 esse
666 1281 740 1340 quae
762 1263 876 1323 caleliat
895 1264 1052 1339 refrigere·

57 1352 162 1419 torque
177 1340 311 1401 celerius.
339 1343 407 1419 quin
422 1350 451 1401 et
470 1341 597 1403 haustam
612 1346 709 1419 vasis,
732 1364 769 1405 ne
783 1353 882 1406 manus
897 1346 1051 1424 pendeant,

58 1424 258 1502 depositisque
272 1425 301 1482 in
315 1424 427 1484 humum
444 1434 598 1503 tepescere
610 1427 768 1489 adfirmant.
796 1446 833 1487 ex
844 1444 967 1506 quonam
979 1445 1051 1503 ergo

24 1524 168 1586 tagenere
187 1524 318 1566 maxume
334 1507 493 1586 probabilis
511 1508 680 1587 continget?
709 1513 804 1588 puteis
818 1512 963 1582 nimirum,
978 1518 1009 1568 ut
1024 1511 1051 1567 in

58 1590 174 1670 oppidis
185 1589 270 1650 video
284 1600 429 1668 constare,
440 1591 491 1651 sed
502 1592 546 1651 his
562 1593 664 1671 quibus
676 1594 891 1655 exercitationis
905 1593 977 1653 ratio
989 1610 1051 1651 cre·

58 1677 112 1736 bro
125 1674 227 1735 haustu
244 1676 382 1751 contingit
393 1683 423 1735 et
436 1674 485 1735 illa
504 1678 625 1737 tenmtas
637 1677 752 1737 colante
769 1686 855 1737 terra.
881 1675 1048 1736 Salubritati
1059 1686 1092 1740 39

57 1759 132 1821 baec
150 1758 218 1817 satis
235 1767 309 1817 sunt.
341 1758 442 1835 irigori
457 1767 487 1818 et
501 1762 631 1838 opacitas
647 1761 812 1820 necessaria
834 1770 921 1838 utque
939 1759 1050 1820 caelum

58 1842 184 1901 videant.
211 1858 298 1919 super
309 1844 402 1907 omnia
414 1859 467 1902 ona
479 1842 646 1903 observatio
655 1876 698 1890 —
713 1843 813 1904 eadem
826 1853 856 1903 et
867 1844 902 1904 ad
917 1844 1049 1922 perenni·

22 1943 48 1985 au
57 1933 143 1986 tatem
158 1927 281 2002 pertinet
291 1958 343 1999 -,
356 1927 413 1984 imo
429 1933 458 1984 ιιι
472 1925 521 1985 illa
533 1944 549 1984 e
562 1927 635 1986 vado
648 1927 762 1986 exsiliat
773 1943 856 2000 vena,
872 1944 929 1985 non
945 1943 962 1983 e
977 1924 1049 1984 late·

57 2008 146 2067 ribus.
178 2024 242 2066 nam
254 2015 283 2067 ut
295 2017 371 2067 tactu
381 2007 477 2084 gelida
489 2009 525 2066 sit
539 2009 622 2066 etiam
635 2017 697 2067 arte
710 2008 858 2084 contingit,
871 2009 895 2066 si
908 2023 1050 2084 expressa

57 2090 86 2149 in
108 2090 193 2149 altum
208 2098 255 2149 aut
271 2108 287 2149 e
306 2089 416 2149 sublimi
433 2089 544 2149 deiecta
561 2090 742 2149 verberatum
755 2091 894 2167 conripiat
911 2106 989 2148 aera.
1021 2090 1047 2146 in

56 2173 181 2232 namudc
194 2171 307 2250 quidem
316 2174 444 2253 spiritum
452 2173 663 2232 continentibus
670 2173 802 2249 frigidior
810 2171 1047 2232 sentitureadem.

56 2254 182 2315 Neronis
204 2255 342 2333 principis
365 2256 509 2315 inventum
530 2265 574 2315 est
600 2256 767 2335 decoquere
789 2273 890 2334 aquarn
914 2256 1091 2334 vitroqueto

21 2357 48 2397 aa
59 2338 211 2398 demissam
233 2339 261 2397 iu
278 2340 352 2398 nivis
370 2340 558 2416 refrigerare.
597 2342 636 2399 ita
653 2339 789 2419 voluptas
805 2340 923 2416 frigoris
940 2339 1048 2397 contin·

57 2424 100 2497 git
114 2422 175 2480 sine
194 2421 268 2480 vitiis
284 2423 367 2481 nivis.
397 2438 509 2481 omnem
526 2423 624 2499 utique
645 2422 795 2483 decoctam
816 2422 960 2481 utiliorem
981 2439 1048 2479 esse

59 2505 209 2581 conuenit,
224 2505 293 2563 item
307 2505 477 2565 calefactam
492 2506 584 2581 magis
599 2505 780 2581 refrigerari,
803 2503 987 2563 subtilissimo
1008 2504 1048 2560 in·

56 2595 169 2646 vento·
189 2588 312 2647 vitiosae
326 2605 419 2664 aquae
431 2586 586 2647 remedium
601 2595 662 2661 est,
679 2587 703 2645 si
721 2586 900 2663 decoquatur
915 2585 951 2645 ad
968 2584 1047 2645 dimi·

56 2668 119 2729 dias
138 2671 236 2747 partis.
266 2669 350 2748 Aqua
364 2669 469 2747 frigida
487 2672 599 2746 ingesta
622 2670 731 2731 sistitur
751 2669 876 2744 sanguis.
906 2676 1004 2727 aestus
1019 2671 1046 2726 in

20 2751 178 2816 robalineis
194 2762 324 2828 arcetur,
340 2755 364 2812 si
383 2755 447 2830 quis
463 2771 514 2813 ore
530 2759 636 2813 teneat.
663 2768 737 2828 quae
760 2761 823 2810 sunt
843 2752 946 2810 haustu
967 2750 1046 2827 frigi·

57 2836 193 2897 dissimae
213 2853 269 2896 non
289 2834 408 2914 perinde
430 2845 459 2895 et
480 2843 558 2896 tactu
582 2852 667 2909 esse,
694 2833 853 2894 alternante
880 2833 937 2901 boc
961 2833 1047 2911 bono,

55 2918 135 2979 malti
153 2918 284 2979 familiari
299 2918 435 2997 exemplo
452 2920 599 2996 colligunt.

120 3000 202 3080 (24.)
227 3001 392 3065 Clarissima
407 3020 542 3082 aquarum
558 3002 678 3060 omniurn
694 3001 722 3058 in
734 3008 795 3060 toto
812 3000 900 3074 orbe,
922 3000 1040 3077 frigoris
1054 3011 1086 3062 41

55 3083 287 3162 salubritatisque
310 3087 403 3165 palma
425 3086 581 3163 praeconio
602 3084 682 3144 urbis
698 3085 804 3145 llarcia
824 3094 868 3143 est
891 3085 964 3142 iuter
979 3082 1045 3141 reli·

18 3184 113 3244 usqua
132 3165 214 3226 deum
242 3184 358 3227 munera
387 3168 450 3227 urbi
475 3168 587 3228 tributa.
624 3167 781 3228 vocabatur
806 3167 880 3226 baec
906 3164 1048 3242 quondam

53 3249 176 3325 Anicia,
197 3250 263 3309 iona
278 3258 372 3309 autem
387 3252 450 3328 ipse
466 3252 581 3310 Pitonia.
612 3251 702 3310 oritur
719 3251 747 3308 in
770 3249 885 3309 ultumis
905 3247 1046 3305 montibus

53 3332 253 3409 Pelignorom,
270 3333 370 3392 transit
384 3330 496 3392 Marsos
517 3340 545 3391 et
559 3331 694 3392 Fucinum
716 3333 825 3402 lacum,
848 3329 965 3389 llomam
989 3347 1047 3389 nou

53 3415 140 3475 dubie
157 3423 269 3494 petens.
302 3433 369 3475 mox
383 3417 410 3474 in
426 3432 533 3493 specus
553 3432 648 3476 mersa
664 3417 693 3475 in
707 3414 854 3476 Tiburtina
875 3430 906 3471 se
922 3414 1046 3492 aperito
