2400 3840
136 156 198 223 232
488 166 630 221 cauno
647 166 796 219 saeuum

93 329 182 395 lloin
199 326 320 386 linteolo
334 326 431 405 inponi
452 327 609 386 contunsis.
648 322 706 385 hoc
725 343 842 405 quoque
861 325 964 385 animal
985 326 1061 384 inter
1077 344 1130 405 pu·

133 410 225 470 denda
244 420 303 485 est,
329 410 382 469 sed
397 419 518 489 propter
541 410 755 470 admirationem
776 419 894 470 naturae
907 411 1131 488 priscorumque

133 512 220 555 curae
239 503 328 554 totum
344 495 372 554 iu
390 495 531 555 hocloco
554 493 764 571 explicandum.
796 494 879 572 plura
900 510 997 554 earum
1017 508 1131 570 genera

131 580 277 639 iecerunt:
304 578 417 652 mollis,
438 579 552 656 quasin
575 578 644 637 oleo
663 575 799 638 decoctas
819 579 950 637 uerrucis
967 575 1131 636 efficaciter
1156 574 1160 587 '

90 673 140 729 141
153 662 231 721 inlini
253 663 367 740 experti
389 670 462 720 suut.
505 661 626 721 alterum
640 679 734 739 genus
760 661 916 736 myloecon
936 661 1152 740 appellavercu

132 747 211 806 circa
232 746 325 806 molas
343 746 407 804 iere
424 763 556 805 nascens.
585 745 631 804 bis
647 749 743 824 capite
757 744 887 805 detracto
902 746 1014 804 attritas
1029 744 1131 822 lepras

132 847 252 890 sanasse
273 830 420 890 Musaeum
441 836 548 907 pycten
569 831 597 887 in
620 829 762 908 exemplis
782 828 971 906 reliquerunt.
1016 829 1132 887 tertium

130 932 223 990 genus
240 922 270 972 et
284 912 383 971 odoris
398 913 494 972 taedio
506 914 637 988 invisum,
655 921 777 972 exacuta
790 912 885 987 clune,
902 928 965 970 cum
980 911 1130 988 pisselaeo

131 1013 236 1055 sanare
251 995 350 1054 ulcera
365 995 436 1055 alias
453 995 630 1072 insanabilia,
646 990 784 1072 strumas,
800 1012 891 1072 panos
907 995 1009 1055 diebus
1026 996 1132 1071 viginti

131 1096 188 1139 uno
205 1080 360 1156 inpositas,
380 1096 538 1157 percussa,
559 1088 696 1140 contunsa
712 1089 741 1138 et
757 1079 914 1154 cacoethe‚
936 1078 1066 1139 scabiem
1087 1079 1161 1141 ium

131 1162 328 1241 runculosque
345 1163 483 1224 detractis
501 1163 624 1241 pedibus
639 1173 669 1222 et
684 1165 794 1242 pinnis,
816 1180 870 1223 nos
888 1162 963 1222 haec
979 1164 1065 1222 etiam
1080 1178 1129 1222 au-

88 1255 141 1311 142
153 1245 211 1306 dita
225 1247 394 1306 fastidimus.
430 1255 476 1322 at,
494 1247 654 1322 Hercules,
674 1245 819 1307 Diodorus
837 1255 866 1305 et
881 1247 909 1305 in
925 1245 1029 1305 morbo
1044 1248 1130 1324 regio

131 1339 161 1389 et
176 1330 377 1410 orthopnoicis
392 1350 426 1391 se
439 1331 467 1390 id
483 1331 600 1391 dedisse
612 1331 695 1390 tradit
711 1349 775 1389 cum
785 1332 880 1389 resina
896 1338 926 1388 ot
940 1329 1039 1389 melle.
1069 1339 1130 1390 tan·

130 1422 187 1475 turn
204 1416 356 1493 potestatis
372 1415 459 1474 habet
479 1432 514 1475 ea
531 1432 578 1474 ars
598 1431 651 1492 pro
667 1414 875 1474 medicamento
890 1413 975 1474 dandi
991 1413 1131 1492 quidquid

130 1499 210 1558 velit.
240 1499 434 1559 humanissimi
449 1516 549 1558 corum
561 1499 687 1557 cinerem
703 1505 890 1558 crematarum
904 1497 1078 1557 seruandum
1092 1496 1128 1557 ad
1138 1510 1163 1555 ra

129 1581 184 1641 hos
202 1601 270 1641 usus
287 1583 316 1640 in
332 1599 440 1641 cornea
458 1582 564 1659 pyxide
580 1600 721 1641 censuere
737 1591 784 1641 aut
799 1582 881 1640 tritas
895 1581 1072 1655 clysteribus
1088 1583 1131 1640 in·

129 1665 290 1725 fundendas
306 1665 506 1742 orthopnoicis
522 1674 569 1724 aut
579 1665 773 1724 rheumatiois.
792 1665 878 1724 lulixa
894 1666 994 1742 utique
1010 1665 1130 1745 corpori

87 1758 139 1812 143
150 1747 245 1807 inlitas
267 1748 420 1807 extrahere
444 1756 565 1807 constat.
595 1748 654 1808 lllel
675 1749 853 1809 utilissimum
873 1748 990 1808 auribus
1013 1767 1132 1828 quoque

131 1840 175 1890 est
190 1834 218 1889 in
241 1848 296 1908 quo
312 1848 384 1908 apes
405 1831 562 1890 inmortuae
582 1832 646 1890 sint.
677 1832 825 1893 Parotidas
847 1833 999 1910 conprimit
1021 1833 1130 1893 colum·

131 1914 226 1974 binum
241 1923 354 1975 stercus
369 1914 417 1973 vel
433 1933 486 1992 pen
502 1932 535 1973 se
555 1914 602 1974 vel
618 1934 681 1975 cum
699 1917 789 1975 farina
810 1916 975 1976 hordeacea
998 1926 1048 1976 aut
1062 1932 1164 1978 aue-to

132 2016 236 2074 uacca,
253 2008 377 2059 noctuae
393 1997 544 2058 cerebrum
558 1998 606 2058 vel
623 2001 702 2060 iecur
715 2017 778 2058 cum
791 2000 859 2060 oleo
878 1999 1000 2059 inlusum
1015 2003 1128 2062 auricu-

131 2083 176 2143 lae
190 2102 206 2143 a
220 2082 362 2161 parotide‚
378 2082 534 2162 multipeda
547 2099 610 2142 cum
619 2077 732 2144 resinae
744 2084 828 2143 tertia
840 2092 923 2162 parte
939 2082 1027 2160 inlita,
1040 2085 1131 2162 grylli

133 2167 196 2225 sive
212 2167 283 2225 inliti
301 2168 363 2225 sive
378 2165 534 2242 adalligati.
571 2164 610 2224 m
629 2167 740 2244 reliqua
755 2166 920 2227 morborum
941 2185 1053 2244 genera
1070 2185 1129 2227 me·

132 2248 300 2326 dioinasque
312 2267 349 2307 ex
364 2248 464 2307 iisdem
476 2248 646 2308 animalibus
656 2260 704 2310 aut
715 2250 844 2310 eiusdem
858 2253 978 2326 generis
995 2253 1130 2331 sequenti

132 2332 260 2390 dicemus
277 2331 433 2391 volumine.
1138 2341 1165 2383 aa

375 2714 582 2799 dlulltl
608 2716 844 2801 sudditi

134 2882 585 2977 bnlbltlttl
627 2885 1011 2981 lllllllltlhll

442 3063 770 3131 nuouoxxuu.

531 3227 682 3240 ⁸——-——a

100 3343 115 3396 1
195 3330 267 3408 Gap.
282 3332 309 3390 l.
333 3330 427 3407 (Sect.
443 3330 487 3406 1.)
510 3330 640 3406 Magicas
656 3335 797 3393 vanitates
814 3334 931 3412 saepius
946 3332 1063 3409 quidem
1080 3351 1130 3394 an·

128 3415 281 3474 tecedeute
304 3414 401 3490 operis
422 3422 521 3490 parta,
543 3413 715 3494 ubicumque
732 3434 838 3477 causae
858 3417 999 3494 locusque
1021 3433 1130 3496 posce·
