2400 3840
133 179 194 241 304
450 191 481 239 c.
502 191 599 239 nunu
619 188 770 238 succum

131 361 218 405 cerae
233 353 262 403 et
276 345 347 405 turis
361 345 514 405 drachmas
528 344 600 420 XX,
616 360 734 421 spumae
750 344 861 420 argenti
875 341 937 419 XL,
951 342 1064 400 cineris
1075 360 1133 402 mu-

130 431 221 488 ricum
235 427 277 504 X,
298 429 358 489 olei
376 430 485 489 veteris
506 429 656 488 heminam.
687 435 809 504 prosunt
829 443 883 503 per
900 442 934 484 sc
954 423 1134 486 salsamenta

89 522 138 578 lot
152 520 245 571 cocta.
274 509 378 571 Cancri
398 512 551 572 duriatiles
575 511 632 570 triti
655 510 847 570 verendorum
864 507 1000 587 pusulas,
1023 510 1134 568 ciniso

131 596 228 673 eapite
242 613 398 672 menarum,
414 597 483 656 itam
501 612 605 654 carnes
619 594 760 653 decoctae
777 602 808 653 et
820 593 974 670 inpositae.
998 591 1134 651 similiter

130 695 239 757 percae
254 678 350 738 salsae
365 697 382 738 e
398 680 494 756 capite
511 679 582 737 ciuis
596 677 684 736 melle
699 676 807 750 addito,
824 674 1009 754 pelamydum
1026 677 1157 754 capitiso

89 771 141 825 108
153 761 225 819 ciuis
247 771 294 821 aut
316 764 467 840 squatinae
489 762 562 820 cutis
583 760 743 820 combusta.
770 759 846 819 haec
869 767 913 818 est
934 775 990 837 qua
1007 757 1133 818 diximus

98 841 263 920 ⁹·”liguum
278 844 374 922 poliri,
387 846 519 921 quoniam
534 853 564 904 et
581 845 682 904 amari
698 843 818 903 fabriles
832 860 901 902 usus
917 849 1034 901 exeunt.
1063 859 1132 920 pro·

130 936 194 985 sunt
210 937 239 987 et
255 927 395 987 zmarides
410 927 519 1005 inlitae,
527 929 603 987 item
616 929 753 987 muricum
767 926 816 986 vel
828 942 1018 1005 purpurarum
1035 933 1132 984 testae

130 1010 202 1067 cinis
223 1027 287 1070 curn
309 1010 413 1087 melle,
440 1011 590 1072 efficacius
613 1019 802 1071 crematarum
822 1028 887 1069 cum
901 1007 1037 1068 carnibus
1059 1010 1130 1068 suis.

130 1089 329 1153 Carbunculos
336 1093 529 1154 verendorum
542 1096 674 1172 privatim
684 1094 857 1154 salsamenta
870 1099 953 1153 cocta
965 1108 1030 1150 canu
1041 1091 1132 1151 melle
1141 1107 1162 1147 ro

129 1175 300 1317 reqtiugunt.
328 1182 449 1254 testem,
473 1179 498 1237 si
519 1178 717 1254 descenderit,
742 1177 908 1237 coclearum
928 1192 1030 1253 spuma
1050 1174 1132 1234 inlini

130 1275 168 1318 ro
181 1267 239 1319 out.

88 1353 137 1408 109
196 1341 278 1423 (35.)
302 1345 410 1406 Uriuae
424 1345 655 1404 incontinentiam
668 1343 858 1422 hippocampi
874 1342 943 1402 tosti
964 1349 993 1399 et
1014 1342 1043 1399 in
1064 1339 1131 1400 cibo

129 1428 247 1505 saepius
262 1430 366 1506 sumpti
381 1426 547 1504 emendant,
565 1426 705 1506 ophidion
721 1425 880 1504 pisciculus
897 1439 1008 1500 congro
1027 1424 1131 1483 similis

130 1528 194 1570 cum
208 1510 250 1569 lili
265 1513 374 1588 radice,
389 1511 522 1590 pisciculi
535 1511 633 1570 minuti
647 1528 684 1569 ex
694 1517 797 1569 ventre
806 1510 869 1568 eius
881 1508 928 1586 qui
942 1506 1132 1566 devoraverit
1140 1520 1161 1560 c

129 1596 268 1672 exempti,
286 1597 414 1670 cremati,
431 1597 470 1655 ita
486 1602 516 1654 ut
532 1594 603 1654 ciuis
621 1610 720 1653 eorum
737 1591 851 1652 bibatur
868 1609 905 1649 ex
923 1606 1008 1668 aqua.
1030 1588 1132 1649 iubent

129 1684 158 1735 et
175 1676 295 1736 cocleas
310 1677 464 1738 Africanas
485 1695 548 1736 cum
568 1695 620 1736 sua
642 1694 729 1736 carne
744 1675 874 1736 comburi
890 1675 1077 1752 cineremque
1094 1692 1132 1732 ex

128 1760 196 1817 uiuo
212 1759 333 1834 Signino
351 1759 421 1818 dari.

87 1852 138 1905 110
198 1840 282 1920 (36.)
303 1841 444 1918 Podagris
459 1842 689 1920 articulariisque
707 1841 816 1903 morbis
832 1841 902 1901 utile
917 1849 963 1900 est
983 1839 1081 1898 oleum
1104 1841 1133 1898 in

129 1942 186 2002 quo
197 1923 319 1985 decocta
335 1926 391 1985 siut
404 1942 534 1985 ranarum
549 1926 683 1986 intestina
698 1934 728 1985 et
742 1925 864 1985 rubetae
876 1925 947 1984 cinis
963 1940 1027 1984 cum
1041 1923 1131 2000 adipe
1141 1938 1164 1978 ao

129 2018 238 2067 uetere.
263 2007 376 2086 quidam
392 2017 421 2068 et
431 2008 534 2068 hordei
549 2010 675 2068 cinerem
689 2009 814 2069 adiciunt
827 2010 911 2066 trium
925 2023 1022 2080 rerum
1035 2023 1133 2083 aequo

129 2091 269 2170 pondere.
295 2092 394 2152 iubent
415 2101 444 2151 et
466 2092 570 2169 lepore
590 2094 700 2153 marino
721 2092 833 2152 receuti
848 2091 1006 2168 podagram
1020 2089 1132 2165 fricari,

128 2174 239 2233 fibrinis
255 2192 372 2253 quoque
394 2175 522 2252 pellibus
543 2175 677 2252 calciari,
692 2192 823 2235 maxume
840 2173 951 2234 Pontici
966 2170 1042 2247 libri,
1062 2174 1132 2232 item

127 2257 208 2315 uituli
224 2259 333 2333 marini,
351 2260 431 2317 cuius
448 2267 477 2317 et
489 2258 571 2337 adips
591 2259 712 2336 prodest
726 2258 824 2333 isdem,
839 2273 965 2316 necnon
983 2264 1013 2314 et
1024 2254 1130 2330 bryon,

87 2359 143 2400 aar
155 2339 256 2416 dequo
266 2339 533 2418 diximus,lactucae
546 2342 649 2417 simile,
657 2339 951 2418 rugosioribusloliis,
959 2342 1021 2397 sine
1034 2338 1129 2398 caule.
1141 2359 1167 2397 aa

87 2433 137 2484 111
151 2430 251 2481 natura
274 2425 299 2482 ei
322 2426 462 2502 styptica,
490 2427 702 2503 inpositumque
726 2425 795 2485 lenit
819 2425 944 2501 impetus
967 2423 1129 2501 podagrae.

100 2524 123 2556 ra
136 2505 204 2563 item
225 2506 304 2582 alga,
331 2508 366 2568 de
386 2526 442 2585 qua
463 2516 491 2566 et
512 2510 574 2585 ipsa
594 2508 699 2568 dictum
721 2517 775 2567 est.
810 2507 981 2567 observatur
997 2508 1027 2565 in
1042 2523 1078 2565 ea
1094 2523 1131 2563 ue

129 2588 208 2647 arida
230 2590 390 2666 inponatur.
417 2591 575 2651 Peruioues
597 2592 729 2651 emendat
749 2591 846 2669 pulmo
863 2591 1006 2664 marinus,
1031 2589 1131 2648 cancri

128 2672 228 2730 marini
244 2675 315 2732 ciuis
333 2692 371 2734 ex
386 2675 464 2751 oleo,
478 2675 545 2734 item
562 2675 708 2736 fluviatilis
722 2676 780 2734 triti
797 2674 911 2752 ustique
929 2674 1043 2732 cineres
1060 2673 1129 2732 oleo

129 2753 240 2814 subacti
256 2766 284 2816 et
304 2758 385 2818 siluri
405 2757 497 2836 adips.
528 2757 560 2816 lu
573 2758 700 2818 articulis
712 2757 877 2818 morborum
890 2758 1013 2834 impetus
1025 2755 1129 2815 sedant
1139 2764 1163 2806 ³⁰

128 2855 216 2897 ranae
238 2838 360 2900 subinde
385 2849 521 2901 recentes
546 2843 706 2919 inpositae,
732 2841 845 2921 quidam
866 2840 1007 2899 dissectas
1030 2837 1131 2898 iubent

129 2921 239 2999 inponi.
269 2920 384 3000 Corpus
399 2934 487 3001 auget
504 2927 547 2983 ius
562 2925 722 2984 mitulorum
738 2934 767 2984 et
783 2924 966 2984 concharum.

88 3013 139 3066 112
198 3002 283 3082 (37.)
307 3007 490 3081 Comitiales,
507 3017 537 3066 ut
551 3007 687 3083 diximus,
703 3008 856 3084 coagulum
872 3006 952 3066 vituli
967 3005 1067 3064 marini
1089 3004 1130 3063 bi·

86 3084 105 3124 ⁸¹
117 3083 149 3118 ¹1¹
157 3087 227 3145 bunt
242 3107 305 3148 cum
323 3090 399 3149 lacte
417 3092 522 3168 equino
540 3092 675 3149 asinaeve
697 3099 745 3150 aut
764 3109 827 3150 curn
842 3091 941 3150 Punici
959 3105 1045 3163 suco,
1069 3090 1130 3165 qui·

130 3169 194 3228 dam
210 3189 247 3229 ex
263 3183 346 3233 aceto
362 3174 466 3233 mulso.
488 3192 544 3234 nec
561 3190 618 3232 non
634 3173 720 3251 aliqui
738 3191 791 3253 per
807 3193 839 3234 se
855 3173 959 3251 pilulas
975 3172 1128 3231 devorant.
1139 3185 1163 3226 as

130 3261 294 3313 castoreum
311 3259 339 3316 iu
356 3259 432 3316 aceti
448 3258 531 3316 mulsi
549 3257 658 3331 cyathis
672 3257 763 3317 tribus
779 3259 881 3316 ieiunis
898 3257 989 3329 datur,
1004 3255 1040 3313 iis
1056 3271 1130 3314 vero

128 3337 175 3413 qui
204 3341 321 3417 saepius
345 3342 534 3418 corripiantur
556 3341 683 3415 clystere
706 3341 828 3399 inlusum
853 3341 972 3399 mirifice
995 3339 1128 3417 prodest.

128 3424 255 3481 castorei
271 3422 422 3483 drachmae
436 3424 508 3483 duae
520 3443 588 3484 esso
600 3424 755 3501 debebunt,
764 3425 860 3484 mellis
872 3433 901 3483 et
913 3422 971 3482 olei
984 3423 1129 3481 sextarius
