2400 3840
284 189 611 248 dammucensis.
628 189 653 243 ι.
670 187 695 240 a.
713 179 832 256 (1—3·)
992 184 1052 245 157

61 351 183 415 hominis
198 366 216 413 e
233 349 328 426 capite
342 364 411 410 ossa
424 345 664 427 piusprcdesse,
687 346 723 409 ad
740 347 796 408 alia
811 348 894 411 amici
910 357 940 411 et
954 348 1051 428 bospi-

61 435 107 494 tis.
139 436 195 495 iam
210 450 282 495 vero
300 432 327 491 vi
347 432 510 510 interempti
531 429 619 492 dente
632 431 779 508 gingivam
798 431 945 494 indolere
961 434 1052 494 scari-

61 518 143 596 phari
159 517 332 596 Apollonius
354 515 592 579 efficacissimum·
605 515 738 593 scripsit,
759 513 882 577 bieletos
903 514 1052 579 oculorum

61 600 245 663 subfusiones
261 599 332 661 ielis
342 598 465 664 bominis
475 599 579 662 sanari.
594 609 598 662 ζ
611 598 750 659 Artemon
766 599 891 660 calvaria
908 599 1064 661 interiecti·

37 702 154 765 cneque
171 685 289 749 cremati
310 684 593 763 propinavitaquam
614 700 631 743 e
650 681 731 743 iente
751 691 838 743 noctu
862 683 1053 745 comitialibus

59 767 181 830 morbis.
210 786 249 828 en
262 766 364 829 eadem
383 765 540 846 suspendio
558 767 722 845 interempti
736 769 879 846 catapotia
895 767 965 827 iecit
983 784 1052 828 con·

59 862 105 917 tra
121 853 201 917 canis
220 849 330 913 rabiosi
344 862 458 911 morsus
472 851 617 912 Antaeus
643 857 730 928 atque
751 852 836 910 etiam
858 851 1080 931 quadripedes&

58 936 190 996 homines
208 950 349 999 sanavero
372 943 472 997 contra
492 932 761 996 inflationesbcum
782 934 937 1013 perforatis
957 937 1065 996 cornis

58 1018 112 1079 bus
126 1022 288 1083 inserentes
305 1031 373 1081 ossa
389 1018 519 1094 humana,
534 1016 584 1078 nbi
597 1017 684 1077 bomo
700 1018 817 1079 occisus
831 1030 912 1081 esset
927 1027 975 1082 aut
989 1038 1064 1081 cre·¹

24 1112 150 1169 somatus
167 1103 311 1180 siliginem
327 1119 400 1180 quae
415 1109 619 1180 pernoctasset
631 1119 714 1162 suum
727 1102 836 1163 morbis
851 1102 954 1164 dando.
985 1100 1051 1184 pro·

60 1187 106 1249 cui
125 1205 142 1246 a
163 1186 246 1247 nobis
263 1186 428 1263 nostrisque
450 1184 553 1246 litteris
573 1182 746 1263 absint-ista.
776 1200 830 1247 uos
854 1190 959 1250 auxilia
975 1188 1051 1250 dice·

58 1288 133 1347 mus,
152 1287 210 1329 non
225 1270 350 1350 piacula,
367 1267 458 1328 sicubi
473 1268 557 1328 lactis
569 1284 776 1346 puerperarum
791 1277 860 1330 usus
874 1273 983 1332 mederi
997 1291 1050 1351 po-

58 1355 128 1428 tuit,
150 1353 243 1415 sicubi
257 1353 348 1414 saliva
364 1360 495 1417 tactusve
510 1353 644 1430 corporis
657 1359 814 1430 ceteraque
831 1355 942 1414 similia.
967 1357 1081 1424 vitam9

60 1435 174 1516 quidem
196 1455 254 1497 non
279 1436 353 1498 adeo
382 1435 574 1514 expetendam
601 1439 752 1495 censemus
778 1445 809 1496 ut
830 1453 945 1516 quoquo
966 1439 1051 1498 modo

23 1539 51 1580 ss
59 1519 201 1582 trahenda
215 1521 260 1581 sit.
287 1520 417 1599 quisquis
428 1536 462 1578 es
475 1518 550 1595 talis,
563 1527 657 1597 aeque
670 1520 808 1596 moriere,
823 1521 909 1581 etiam
921 1520 985 1580 cu'm
1001 1522 1051 1581 cb·

58 1619 184 1668 scoenus
202 1605 311 1680 vixeris
322 1611 373 1663 aut
391 1601 541 1663 nefandus.
576 1611 756 1681 quapropter
768 1603 826 1665 boc
841 1604 1051 1683 primum-quis·

58 1688 165 1766 quein
188 1687 323 1748 remediis
346 1687 430 1748 animi
451 1687 495 1745 sui
516 1684 638 1762 habeat,
667 1705 705 1746 ex
722 1688 852 1747 omnibus
870 1686 955 1748 bonis
977 1705 1051 1766 qnae
1099 1703 1103 1709 “

57 1770 164 1833 homini
178 1770 282 1831 tribuit
297 1778 396 1831 natura
416 1769 523 1830 nulium
541 1770 644 1831 meiius
665 1788 733 1830 csse
754 1772 925 1851 tempestiva
946 1781 1050 1849 morte,
1159 1793 1163 1799 “

59 1853 147 1932 idque
174 1855 202 1913 in
228 1872 262 1915 ca
288 1862 433 1933 optumum
463 1852 543 1931 quod
570 1853 648 1913 iliam
674 1853 729 1914 sibi
755 1857 875 1934 quisque
900 1864 1050 1933 praestare

21 1952 50 1997 20
80 1937 175 1997 oterit.

60 1955 77 2016 p
122 2019 152 2079 2.
173 2019 234 2099 (3.)
255 2019 303 2080 Ex
318 2019 434 2080 bomine
447 2019 777 2100 remediorum‘primum
796 2037 945 2080 maxumae
960 2037 1047 2098 qnae-
1060 2033 1093 2085 10

59 2103 160 2161 stionis
181 2110 211 2161 et
231 2120 347 2181 semper
363 2105 493 2163 incertae
517 2112 579 2181 est,
600 2103 896 2182 polleantne'aliquid
910 2103 1000 2163 verba
1022 2112 1051 2163 et

58 2187 268 2245 incantamenta
284 2187 448 2247 carminum.
472 2185 550 2267 quod
561 2189 586 2247 si
597 2204 696 2247 verum
711 2195 765 2263 est,
777 2185 884 2248 homini
899 2195 1051 2266 acceptum

58 2268 121 2327 iicri
138 2277 277 2347 oportere
296 2272 464 2347 conveniat,
484 2271 539 2331 sed
561 2272 665 2331 viritim
686 2272 894 2349 sapientissimi*
912 2272 1051 2349 cuiusque

20 2368 49 2408 aa
59 2353 171 2430 respuit
186 2351 269 2412 tides.
296 2354 328 2414 ‘in
349 2355 514 2414 uuiversum
533 2371 605 2414 vero
631 2354 761 2414 omnibns
780 2353 860 2414 boris
880 2353 973 2415 credit
992 2357 1051 2415 vita

56 2452 114 2495 nec
124 2437 224 2495 sentit.
254 2438 362 2515 quippe
378 2438 520 2497 victimam
534 2435 616 2496 caedi
631 2437 693 2496 sine
710 2438 880 2514 precatione
895 2454 954 2498 non
971 2438 1050 2499 vidc-

57 2527 103 2578 tnr
120 2518 232 2578 referre
247 2528 295 2578 ant
312 2519 385 2579 deos
399 2521 455 2578 rite
470 2518 594 2579 'consuli
626 2526 779 2597 praeterea
801 2520 858 2580 alia
872 2528 937 2579 sant
957 2519 1048 2580 verba
1060 2536 1091 2588 11

56 2600 211 2679 inpeditis,
227 2599 284 2660 alia
299 2601 489 2680 depulsoris,
511 2600 566 2660 alia
580 2600 846 2676 commendatoriis,
862 2602 1050 2680 videmusque

57 2684 145 2744 certis
165 2683 379 2760 precationibus
402 2683 577 2744 obsecrasse
597 2688 723 2745 summos
742 2685 924 2761 magistratus
947 2692 991 2760 et,
1014 2703 1051 2745 ne

21 2764 127 2847 ecquid
152 2765 306 2828 verborum
327 2774 529 2847 praetereatur
549 2776 597 2829 ant
620 2772 840 2848 praeposterum
861 2769 990 2844 dicatur,
1014 2769 1050 2829 de

57 2850 169 2928 scripto
194 2851 310 2928 praeire
330 2850 456 2929 aliquem
476 2867 633 2932 rursusque
654 2852 738 2911 alium
760 2852 908 2912 custodem
925 2852 985 2913 dari
1003 2855 1051 2932 qui

57 2933 195 3010 attendat,
213 2933 297 2994 alium
311 2952 382 2996 vero
398 2936 539 3014 praeponi
556 2938 603 3014 qui
619 2936 721 2998 iavere
735 2936 841 3014 linquis
856 2934 967 3013 iubeat3
987 2935 1050 2997 tibi·

57 3018 150 3078 cinam
166 3034 283 3094 canere,
299 3037 335 3080 ne
351 3020 418 3097 quid
433 3018 509 3079 alind
525 3020 703 3097 exaudiatur,
718 3029 839 3097 unaque
856 3020 993 3080 memoria
1009 3022 1050 3080 in·

56 3101 143 3178 signi,
160 3102 293 3179 quotiens
304 3104 386 3180 ipsae
401 3101 480 3163 dirae
493 3101 697 3182 obstrepentes
715 3105 866 3164 nocuerint
878 3103 1050 3182 quotiensve

20 3185 188 3263 asprecatic
206 3187 362 3260 erraverit,
383 3185 427 3245 sic
443 3195 565 3264 repente
582 3189 658 3248 extis
679 3186 762 3248 adimi
785 3187 879 3266 capita
895 3185 944 3246 vel
961 3184 1050 3245 corda

55 3275 103 3326 aut
117 3269 255 3343 geminari
275 3268 389 3328 victima
410 3276 513 3328 stante.
545 3269 627 3331 durat
647 3270 776 3330 inmenso
792 3268 927 3348 exempto
941 3266 1047 3328 Decio·
1059 3278 1093 3331 12

56 3366 118 3409 rum
138 3353 227 3428 patris
243 3351 341 3430 iiiique
360 3367 418 3431 quc
430 3369 474 3410 sc
494 3351 641 3414 devovere
657 3371 788 3429 carmen,
811 3361 906 3413 exstat
924 3351 1049 3413 Tucciae

56 3433 186 3493 Vestalis
212 3435 315 3495 incesti
342 3434 517 3515 deprecatio·
533 3452 589 3516 qna
617 3454 670 3496 usa
691 3438 794 3514 aquam
816 3436 844 3495 in
868 3434 973 3495 cribro·
986 3433 1059 3490 tntis
