2400 3840
116 185 157 244 26
457 195 598 246 c.1>c1n1
616 192 766 243 sueonos

76 361 125 415 127
138 358 232 410 torum
257 352 331 410 ictus
352 357 383 411 et
410 351 489 410 cunis
513 365 636 409 morsus.
671 349 797 408 dentium
819 365 934 425 quoque
957 347 1052 408 dolori
1069 347 1117 408 bic

117 452 202 494 sucus
228 433 378 513 adpositus
398 435 428 493 in
447 433 511 493 lana
538 432 659 510 prodest
679 440 726 491 aut
748 434 777 491 in
792 450 862 491 cava
878 449 979 491 eorum
992 431 1115 491 additus.

117 517 249 577 cauliculi
266 525 296 578 et
311 516 381 577 lolia
397 515 523 575 admixto
540 533 611 575 ervo
622 523 724 576 contra
736 517 909 575 marinorum
920 533 1034 575 venena
1048 531 1116 593 pro-

118 609 192 660 sunt.
227 600 349 661 adicitur
371 608 401 660 et
419 602 522 668 vinum.
555 598 677 659 bubulas
689 600 784 658 carnis
799 598 887 659 additi
898 599 997 658 caules
1010 614 1115 675 magno

116 684 187 762 ligni
206 684 369 764 conpendio
385 691 551 763 percocunt.
584 684 682 759 grossi
699 682 798 741 inlitae
817 691 939 742 strumas
956 691 987 742 et
998 699 1143 748 omnems

117 769 323 828 collectionem
347 766 496 827 emolliunt
519 775 549 827 et
571 766 742 841 discutiunt,
773 766 955 843 aliquatenus
978 773 1008 825 et
1033 765 1115 825 lolia.

119 870 192 928 quae
211 851 381 911 mollissima
400 859 465 911 suut
481 868 519 910 ex
533 849 578 910 his
595 868 658 909 cum
674 857 757 910 aceto
774 849 871 909 ulcera
885 851 1038 926 manantia,
1054 850 1116 927 epi·

77 945 128 1000 128
139 935 280 1013 nyctidas,
295 935 424 994 furfures
439 943 546 993 sanant.
563 951 626 993 cum
641 934 727 993 melle
742 933 822 992 loliis
840 935 919 993 ceria
934 941 1070 993 sanantur
1086 938 1116 991 et

118 1021 197 1078 canis
213 1035 327 1078 morsus
335 1027 483 1095 recentes,
492 1036 555 1077 cum
565 1019 634 1078 vino
651 1016 866 1096 phagedaenae.
883 1034 946 1077 com
960 1017 1115 1095 papaveris

118 1102 198 1162 soliis
222 1118 289 1161 ossa
312 1101 473 1162 extrahunt.
502 1103 600 1179 grossi
621 1102 748 1179 caprilici
774 1099 940 1161 inflationes
960 1100 1117 1160 discutiunt
1127 1125 1152 1166 10

121 1185 230 1262 suffitu,
246 1218 288 1231 -
307 1187 447 1245 resistunt
464 1193 495 1244 et
510 1184 640 1262 sanguini
655 1187 768 1243 taurino
784 1192 856 1263 poto
874 1193 904 1243 et
919 1183 1067 1263 psimithio
1086 1191 1117 1242 et

120 1269 186 1328 lacti
203 1268 356 1346 coagulato
373 1278 527 1348 potae--,
545 1270 614 1328 item
629 1270 657 1326 in
672 1285 745 1346 aqua
759 1267 899 1329 decoctae
914 1277 1000 1344 atque
1015 1267 1116 1327 inlitae

122 1353 278 1431 parotidas.
308 1353 439 1413 cauliculi
463 1361 511 1412 aut
533 1353 630 1430 grossi
659 1353 722 1412 eius
744 1369 827 1428 quam
853 1351 1060 1412 minutissimae
1082 1349 1118 1410 ad

78 1447 129 1501 129
140 1439 326 1515 scorpionum
351 1439 425 1496 ictus
450 1456 466 1497 e
495 1434 733 1496 vino‘bibuntur.
768 1435 813 1495 lac
847 1451 963 1512 quoque
997 1434 1117 1495 instilla·

103 1530 166 1585 'tur
184 1521 288 1599 plagae
306 1529 336 1580 et
357 1521 428 1580 lolia
449 1523 642 1599 inponuntur,
669 1521 738 1579 item
760 1519 899 1579 adversus
921 1537 1030 1579 murem
1056 1536 1152 1585 ara-15

120 1622 213 1663 neum.
263 1604 484 1664 cauliculorum·
500 1605 571 1662 cinis
601 1620 684 1661 uvam
712 1603 835 1662 sancium
866 1601 965 1677 sedat,
1001 1601 1116 1661 arboris

121 1689 212 1764 ipsius
236 1689 309 1745 cinis
332 1705 371 1746 ex
390 1685 477 1746 melle
499 1680 650 1762 rhagadis,
673 1686 756 1745 radix
771 1685 969 1746 defervefacta
993 1687 1023 1745 in
1048 1686 1116 1745 vino

121 1770 248 1847 dentium
263 1769 390 1829 dolores.
426 1769 547 1830 hiberna
570 1770 721 1846 caprificus
739 1771 767 1828 in
787 1779 872 1829 aceto
893 1777 975 1829 cocta
998 1777 1029 1829 et
1052 1771 1119 1829 trita

122 1855 300 1933 inpetigines
313 1853 398 1912 tollit.
416 1852 573 1918 inlinuntur
584 1861 712 1912 ramenta
724 1870 741 1913 e
753 1870 833 1915 ramo
841 1855 904 1913 sine
914 1855 1027 1913 cortice
1035 1870 1120 1930 quam

80 1949 131 2003 130
141 1938 328 1996 minutissima
344 1936 380 1996 ad
395 1937 493 1996 scobis
508 1935 629 1996 modum.
662 1937 799 2015 caprifico
822 1953 938 2014 quoque
958 1934 1118 2004 medicinae
1129 1962 1154 2002 20

121 2022 204 2080 nnius
222 2020 386 2081 miraculum
401 2019 530 2098 additur,
546 2021 685 2081 corticem
701 2022 764 2080 eins
784 2023 1024 2080 intumescentem
1045 2037 1120 2098 puer

122 2104 238 2182 inpubis
257 2105 281 2162 si
298 2104 429 2164 defracto
443 2122 522 2164 ramo
541 2103 673 2163 detrahat
689 2104 842 2181 dentibus,
857 2102 1009 2163 medullam
1028 2105 1121 2182 ipsam

122 2186 303 2262 adalligatam
321 2195 388 2247 ante
409 2187 481 2247 solis
505 2196 598 2247 ortum
620 2186 779 2266 prohibere
803 2197 933 2247 strumas.
966 2186 1120 2266 caprificus

124 2279 222 2329 tauros
245 2270 403 2348 quamlibet
427 2271 536 2330 lerocis
558 2271 635 2330 collo
659 2288 760 2331 eorum
778 2271 951 2331 circumdata
967 2271 1120 2331 intantum

121 2353 244 2413 mirabili
260 2362 360 2413 natura
378 2356 528 2432 conpescit
543 2362 574 2413 ut
591 2353 736 2414 inmobilis
753 2363 891 2433 praestet.
1129 2372 1155 2413 as

84 2451 129 2504 131
191 2436 272 2516 (65.)
294 2435 419 2498 llerbam
435 2455 550 2516 quoque
567 2436 670 2498 Graeci
688 2439 811 2498 erineon
824 2446 929 2498 vocant
945 2437 1120 2501 reddendam

122 2525 152 2582 in
169 2523 225 2583 hoc
240 2521 306 2582 loco
320 2531 443 2601 propter
459 2523 660 2600 gentilitatem.
683 2523 808 2601 palmum
823 2523 881 2582 alta
892 2532 949 2599 est,
968 2523 1120 2583 cauliculis

126 2608 219 2685 quinis
236 2607 316 2682 lere,
334 2608 418 2667 ocimi
435 2606 633 2683 similitudine,
647 2606 700 2668 flos
716 2607 862 2683 candidus,
882 2623 982 2666 semen
995 2608 1121 2683 nigrum,

125 2708 256 2770 parvom,
271 2692 369 2751 tritum
383 2710 446 2751 cum
463 2690 562 2752 Attico
579 2691 667 2751 melle
684 2691 832 2751 oculorum
849 2690 999 2768 epiphoris
1021 2689 1120 2751 mede·

124 2782 169 2831 tur
186 2773 213 2831 ll
230 2773 388 2834 drachmis
405 2792 468 2834 cum
484 2770 666 2850 cyathisllli.
682 2773 823 2852 decerpto
837 2789 917 2834 ramo
933 2783 1027 2833 manat
1044 2773 1155 2836 lacteao

124 2855 214 2914 multo
230 2854 313 2916 dulci.
348 2856 437 2917 herba
452 2875 590 2936 perquam
605 2857 683 2916 utilis
696 2859 803 2916 aurium
815 2856 911 2917 dolori
926 2858 992 2916 nitri
1012 2859 1121 2934 exiguo

95 2981 97 2986 -
125 2937 230 2998 addito.
262 2939 332 2999 lolia
348 2942 487 2999 resistunt
501 2943 631 3000 venenis.
1084 2979 1089 2989 ·

85 3033 135 3088 132
199 3023 280 3103 (66.)
314 3023 400 3083 Pruni
416 3023 486 3083 lolia
501 3022 622 3084 decocta
636 3024 778 3101 tonsillis,
801 3026 944 3102 gingivis,
963 3040 1036 3082 uvae
1053 3041 1121 3102 pro·

127 3109 237 3167 suntin
253 3109 337 3183 uino,
366 3105 489 3166 decocto
511 3125 548 3167 eo
572 3107 694 3169 subinde
714 3108 833 3168 conluto
854 3125 915 3172 ore.
945 3108 1009 3183 ipsa
1029 3125 1121 3184 pruna

126 3191 221 3251 alvom
231 3190 374 3266 molliunt,
391 3190 539 3251 stomacho
551 3209 609 3252 non
620 3191 784 3270 utilissima,
800 3191 853 3252 sed
868 3192 950 3251 brevi
963 3199 1119 3251 momento.
1131 3209 1157 3250 ss

189 3276 270 3355 (67.)
305 3272 430 3334 Utiliora
445 3277 575 3353 persica,
593 3293 737 3353 sucusque
761 3294 879 3346 eorum,
895 3276 982 3335 etiam
1002 3274 1032 3333 in
1050 3275 1120 3334 virm

126 3369 174 3418 aut
190 3362 218 3418 in
234 3368 336 3437 aceto,
363 3374 530 3436 expressus.
552 3361 600 3436 qui
618 3359 692 3418 alins
704 3355 752 3420 ¹eis
769 3361 863 3438 pomis
881 3359 1065 3418 innocentior
1081 3359 1121 3416 ci·

63 3511 65 3516 ,
128 3440 205 3502 bosi
234 3460 371 3522 nusquam
385 3444 477 3503 minus
497 3442 607 3520 odoris,
626 3445 686 3502 soci
704 3443 781 3522 plus,
803 3444 850 3521 qui
867 3451 961 3502 tamen
979 3441 1057 3500 sitim
1070 3442 1122 3500 sti·
