2400 3840
91 208 94 212 ’
199 213 487 262 nso.n1sn.xxx.
505 211 548 265 ro.
569 200 642 280 (aa.)
656 234 699 248 —
710 215 806 262 xxxn
835 213 860 264 a.
877 203 935 284 (3.)
1029 203 1088 266 261

95 367 123 426 in
142 366 224 427 caelo
237 365 398 427 stantibus?
431 375 459 427 at
473 368 555 445 illae,
576 386 629 428 ceu
646 387 744 448 parum
766 370 802 428 sit
822 369 849 427 in
864 377 969 428 tantam
986 387 1089 450 perve-

95 452 157 510 nire
171 451 357 526 altitudinem,
375 453 490 528 rapiunt
514 469 550 511 eo
565 470 664 511 secum
685 452 805 530 piscium
828 455 974 530 examina,
996 471 1088 532 saepe

96 536 181 596 etiam
192 534 320 614 lapides,
338 534 516 614 subeuntque
532 545 681 614 portantes
694 535 787 594 aliena
801 536 938 612 pondera.
968 538 1116 602 eaedem3

97 618 234 678 cadentes
254 619 374 678 omnium
396 628 474 678 terra
496 621 690 679 enascentium
707 637 792 680 causa
815 620 883 679 fiunt
900 638 1017 698 prorsus
1037 621 1087 680 mi·

71 702 180 764 arabili
191 711 300 777 natura,
316 702 414 780 siquis
428 701 499 762 velit
510 713 656 782 reputare,
671 711 701 762 ut
712 703 812 780 fruges
826 706 990 780 gignantur,
1004 705 1087 764 arbo·

94 803 142 854 ¹res
157 785 336 864 fruticesque
353 786 465 862 vivant,
486 788 514 846 in
531 785 641 847 caelum
658 788 783 863 migrare
799 799 888 866 aquas
908 789 1088 865 animamque

95 873 178 928 etiam
200 870 297 929 herbis
319 869 434 929 vitalem
452 868 518 929 inde
539 868 671 945 deferre,
694 870 879 930 confessione
898 873 974 931 victa
997 873 1088 931 omnis

93 962 189 1013 terrae
206 971 321 1033 quoque
336 955 406 1013 viris
422 971 558 1031 aquarum
575 971 641 1012 esse
657 952 790 1014 benefici.
821 964 1001 1034 quapropter
1022 964 1087 1014 ante

94 1039 187 1098 omnia
208 1040 335 1116 ipsarum
356 1038 503 1116 potentiae
531 1037 666 1115 exempla
687 1054 836 1115 ponemus.
872 1048 989 1099 cunctas
1014 1041 1088 1098 enim

59 1143 85 1183 ro
95 1121 157 1198 quis
177 1121 338 1180 mortalium
352 1137 522 1180 enumerare
539 1117 645 1198 queat‘l

157 1205 186 1262 2.
210 1204 273 1281 (2.)
303 1204 435 1263 Emioant
458 1202 583 1279 benigne
607 1202 771 1280 passimque
792 1203 821 1261 in
841 1204 979 1281 plurumis
1002 1205 1118 1267 terrist

94 1286 168 1345 aliae
182 1285 318 1362 frigidae,
337 1286 411 1347 aliae
428 1285 556 1362 calidae,
579 1285 654 1345 aliae
671 1286 800 1362 iunctae,
816 1288 889 1346 sicut
903 1289 930 1345 in
944 1287 1089 1346 Tarbellis

94 1369 265 1447 Aquitanica
286 1378 375 1446 gente
396 1379 424 1429 et
446 1372 475 1428 in
494 1368 651 1444 Pyrenaeis
673 1367 818 1428 montibus
839 1372 916 1428 tenui
935 1370 1089 1430 intervallo

94 1452 288 1527 discernente,
301 1451 375 1512 aliae
387 1452 501 1531 tepidae
514 1452 717 1531 egelidaeque,
731 1451 835 1511 auxilia
846 1452 1010 1512 morborum
1022 1470 1088 1531 pro·

59 1557 85 1598 ιε,
96 1537 210 1595 frtentes
225 1544 254 1594 et
269 1553 286 1593 e
303 1536 413 1596 cunetis
428 1536 598 1597 animalibus
614 1535 756 1594 hominum
773 1543 878 1594 tantum
895 1553 981 1596 causa
997 1554 1089 1596 erum-

94 1628 207 1698 pentes,
217 1651 260 1665 —
274 1627 382 1696 augent
394 1637 542 1679 numerum
553 1621 671 1680 deorum
683 1618 842 1678 nominibus
854 1621 940 1680 variis
951 1620 1089 1699 urbisque

95 1702 235 1778 condunt,
258 1704 332 1762 sicut
349 1702 487 1764 Puteolos
512 1705 540 1763 in
556 1702 727 1783 Campania,
749 1701 895 1763 Statiellae
920 1704 948 1762 in
963 1703 1088 1782 Liguria,

94 1789 209 1848 Sextias
221 1789 249 1846 io
260 1786 443 1847 Narbonensi
456 1787 615 1866 provincia,
631 1803 769 1865 nusquam
782 1796 876 1847 tamen
888 1787 996 1864 largius
1005 1807 1088 1867 quam

92 1872 121 1930 in
135 1871 241 1932 Baiano
254 1873 317 1930 sinu
332 1889 388 1930 nec
400 1871 532 1949 pluribus
545 1870 698 1932 auxiliandi
712 1871 877 1947 generibus,
891 1872 1017 1930 —aliae
1031 1872 1086 1931 sul·
1099 1882 1115 1933 5

57 1977 84 2018 ao
95 1957 184 2033 puris,
199 1957 274 2016 aliae
291 1955 444 2032 aluminis,
459 1954 532 2015 aliae
548 1955 634 2028 salis,
652 1954 725 2013 aliae
741 1954 822 2029 uitri,
845 1955 919 2013 aliae
935 1953 1087 2029 bituminis,

93 2039 247 2098 nonnullae
262 2040 346 2097 etiam
363 2037 447 2096 acida
464 2038 577 2097 salsave
593 2038 730 2112 mixtura,
755 2054 865 2115 vapore
886 2038 951 2115 ipso
975 2037 1088 2114 aliquae

94 2131 222 2199 prosunt.
255 2130 332 2181 tanta
345 2122 379 2180 iis
396 2129 440 2180 est
454 2122 515 2196 vis,
532 2129 562 2179 ut
575 2119 704 2181 balineas
722 2118 892 2179 calefaciant
907 2138 942 2180 ae
957 2120 1088 2196 frigidam

94 2206 178 2264 etiam
200 2207 227 2263 in
250 2203 332 2264 soliis
351 2204 467 2264 fervere
491 2213 606 2280 cogant.
643 2221 718 2282 quae
737 2203 765 2261 in
784 2203 891 2263 Baiano
919 2202 1087 2264 Posidiauae

93 2296 233 2347 vocantur
252 2289 367 2347 nomine
384 2297 505 2366 accepto
526 2306 543 2348 a
561 2285 661 2347 Claudi
683 2286 817 2348 Caesaris
839 2288 945 2347 liberto
967 2289 1088 2366 opsonia

57 2388 210 2450 aequoque
236 2380 407 2449 pereocunt.
443 2379 585 2448 vaporant
609 2379 637 2430 et
663 2373 692 2430 in
719 2373 789 2431 mari
809 2373 874 2450 ipso
905 2389 979 2449 quae
999 2371 1088 2431 Licini

94 2453 191 2513 Crassi
208 2454 300 2531 fuere,
317 2454 485 2531 mediosque
499 2455 572 2513 inter
584 2453 686 2513 fluctus
699 2456 810 2513 exsistit
823 2454 929 2533 aliquid
941 2455 1087 2514 valitudini

93 2536 229 2595 salutare.
939 2541 941 2544 ’

158 2618 220 2696 (3.)
236 2617 294 2679 lam
309 2621 468 2695 generatim
488 2618 585 2677 nervis
602 2628 721 2696 prosunt
736 2619 896 2698 pedibusve
919 2628 966 2678 aut
982 2631 1115 2685 conen-6

94 2702 215 2778 dinibus,
231 2702 304 2762 aliae
317 2702 420 2761 luxatis
432 2703 580 2778 fractisve,
596 2703 720 2761 inaniunt
734 2702 825 2779 alvos,
842 2711 943 2763 sanant
956 2702 1086 2762 volnera.

56 2786 181 2864 aocapiti
197 2784 369 2863 auribusque
385 2786 516 2864 privatim
531 2784 696 2861 medentur,
718 2785 809 2847 oculis
831 2804 903 2846 vero
921 2785 1086 2847 Ciceronia-

92 2887 155 2930 nae.
187 2870 272 2946 digna
288 2878 445 2928 memoratu
465 2869 531 2929 villa
549 2877 594 2928 est
608 2867 643 2929 ab
661 2869 778 2928 Averno
794 2870 857 2929 lacu
871 2870 1008 2931 Puteolos
1024 2879 1085 2930 teo·

93 2951 225 3012 dentibus
240 2953 366 3032 inposita
386 2953 478 3029 litori,
501 2953 649 3014 celebrata
666 2953 779 3031 porticu
795 2972 829 3014 ac
843 2972 980 3028 nemore,
1004 2972 1087 3033 quam

93 3035 220 3095 vocabat
235 3035 338 3097 Cicero
353 3037 537 3096 Academiam
559 3035 594 3096 ab
616 3036 750 3115 exemplo
765 3036 939 3098 Athenarum
955 3036 994 3094 ibi
1018 3053 1084 3094 con-

95 3119 197 3197 positis
214 3119 406 3179 voluminibus
430 3119 558 3180 eiusdem
577 3122 715 3197 nominis,
738 3121 765 3178 in
788 3139 842 3198 qua
864 3130 892 3179 et
912 3121 1084 3178 monimenta

58 3201 149 3268 nasibi
162 3203 386 3277 instauraverat,
402 3220 456 3261 ceu
470 3220 543 3262 vero
564 3221 620 3262 non
637 3205 665 3262 in
680 3213 741 3262 toto
758 3212 897 3263 terrarum
912 3201 984 3261 orbe
1000 3201 1083 3260 fecis-

94 3294 149 3344 set.
179 3285 262 3345 buius
278 3287 306 3343 in
322 3294 404 3364 parte
423 3288 513 3365 prima
526 3287 631 3364 exiguo
648 3295 716 3366 post
732 3285 838 3346 obitum
852 3288 943 3365 ipsius
960 3284 1112 3350 Antistio?

93 3367 201 3428 Vetere
219 3369 387 3448 possidente
403 3377 560 3447 eruperunt
571 3370 665 3429 fontes
688 3369 772 3428 calidi
793 3386 930 3448 perquam
952 3366 1083 3427 salubres

94 3452 202 3530 oculis,
228 3451 367 3512 celebrati
389 3454 515 3513 carmine
537 3452 664 3513 Laureae
678 3452 767 3530 Tulli,
790 3453 837 3530 qui
857 3452 910 3512 fuit
929 3471 948 3510 e
971 3451 1096 3509 iibexa‘xs
