<?xml version="1.0" encoding="UTF-8"?>
<!DOCTYPE html PUBLIC "-//W3C//DTD XHTML 1.0 Transitional//EN"
    "http://www.w3.org/TR/xhtml1/DTD/xhtml1-transitional.dtd">
<html xmlns="http://www.w3.org/1999/xhtml" xml:lang="en" lang="en">
 <head>
  <title>
</title>
<meta http-equiv="Content-Type" content="text/html;charset=utf-8" />
  <meta name='ocr-system' content='tesseract 3.04.00' />
  <meta name='ocr-capabilities' content='ocr_page ocr_carea ocr_par ocr_line ocrx_word'/>
</head>
<body>
  <div class='ocr_page' id='page_1' title='image "./cplinisecundina06plingoog_0252.png"; bbox 0 0 2400 3840; ppageno 0'>
   <div class='ocr_carea' id='block_1_1' title="bbox 315 177 1080 245">
    <p class='ocr_par' dir='ltr' id='par_1_1' title="bbox 315 177 1080 245">
     <span class='ocr_line' id='line_1_1' title="bbox 315 177 1080 245; baseline 0.004 -12"><span class='ocrx_word' id='word_1_1' title='bbox 315 189 395 234; x_wconf 76' lang='lat' dir='ltr'><strong>usu.</strong></span> <span class='ocrx_word' id='word_1_2' title='bbox 410 185 501 234; x_wconf 78' lang='lat' dir='ltr'><strong>mrsu.</strong></span> <span class='ocrx_word' id='word_1_3' title='bbox 517 185 641 232; x_wconf 85' lang='lat' dir='ltr'><strong>xxvm.</strong></span> <span class='ocrx_word' id='word_1_4' title='bbox 658 184 685 237; x_wconf 83' lang='grc'><strong>8.</strong></span> <span class='ocrx_word' id='word_1_5' title='bbox 701 177 847 245; x_wconf 76' lang='lat' dir='ltr'><strong>(au-30.)</strong></span> <span class='ocrx_word' id='word_1_6' title='bbox 1020 177 1080 236; x_wconf 85' lang='lat'><strong>177</strong></span> 
     </span>
    </p>
   </div>
   <div class='ocr_carea' id='block_1_2' title="bbox 54 338 1127 3160">
    <p class='ocr_par' dir='ltr' id='par_1_2' title="bbox 54 338 1127 3160">
     <span class='ocr_line' id='line_1_2' title="bbox 91 338 1080 418; baseline -0.003 -18"><span class='ocrx_word' id='word_1_7' title='bbox 91 341 230 401; x_wconf 91' lang='lat' dir='ltr'><strong>bracchio</strong></span> <span class='ocrx_word' id='word_1_8' title='bbox 239 339 496 401; x_wconf 90' lang='lat' dir='ltr'><strong>contralatrocinia</strong></span> <span class='ocrx_word' id='word_1_9' title='bbox 507 349 696 418; x_wconf 77' lang='lat' dir='ltr'><strong>terroresque</strong></span> <span class='ocrx_word' id='word_1_10' title='bbox 708 348 864 398; x_wconf 88' lang='lat' dir='ltr'><strong>nocturnos</strong></span> <span class='ocrx_word' id='word_1_11' title='bbox 876 338 1001 418; x_wconf 89' lang='lat' dir='ltr'><strong>pollere,</strong></span> <span class='ocrx_word' id='word_1_12' title='bbox 1014 341 1080 398; x_wconf 90' lang='lat' dir='ltr'><strong>item</strong></span> 
     </span>
     <span class='ocr_line' id='line_1_3' title="bbox 92 422 1081 500; baseline -0.004 -16"><span class='ocrx_word' id='word_1_13' title='bbox 92 424 221 484; x_wconf 85' lang='lat' dir='ltr'><strong>dextram</strong></span> <span class='ocrx_word' id='word_1_14' title='bbox 240 422 392 483; x_wconf 88' lang='lat' dir='ltr'><strong>mamillam</strong></span> <span class='ocrx_word' id='word_1_15' title='bbox 414 431 513 483; x_wconf 89' lang='lat' dir='ltr'><strong>contra</strong></span> <span class='ocrx_word' id='word_1_16' title='bbox 534 423 700 483; x_wconf 81' lang='lat' dir='ltr'><strong>formidines</strong></span> <span class='ocrx_word' id='word_1_17' title='bbox 718 439 918 500; x_wconf 75' lang='lat' dir='ltr'><strong>pavoresque,</strong></span> <span class='ocrx_word' id='word_1_18' title='bbox 939 423 1081 481; x_wconf 82' lang='lat' dir='ltr'><strong>sinistrum</strong></span> 
     </span>
     <span class='ocr_line' id='line_1_4' title="bbox 91 506 1080 585; baseline -0.001 -19"><span class='ocrx_word' id='word_1_19' title='bbox 91 525 164 566; x_wconf 83' lang='lat' dir='ltr'><strong>vero</strong></span> <span class='ocrx_word' id='word_1_20' title='bbox 180 507 283 585; x_wconf 89' lang='lat' dir='ltr'><strong>pedem</strong></span> <span class='ocrx_word' id='word_1_21' title='bbox 299 509 403 567; x_wconf 88' lang='lat' dir='ltr'><strong>torreri</strong></span> <span class='ocrx_word' id='word_1_22' title='bbox 422 508 451 564; x_wconf 90' lang='lat' dir='ltr'><strong>in</strong></span> <span class='ocrx_word' id='word_1_23' title='bbox 468 506 550 566; x_wconf 85' lang='lat' dir='ltr'><strong>furno</strong></span> <span class='ocrx_word' id='word_1_24' title='bbox 566 523 629 565; x_wconf 92' lang='lat' dir='ltr'><strong>cum</strong></span> <span class='ocrx_word' id='word_1_25' title='bbox 644 506 734 565; x_wconf 91' lang='lat' dir='ltr'><strong>herba</strong></span> <span class='ocrx_word' id='word_1_26' title='bbox 751 523 823 583; x_wconf 88' lang='lat' dir='ltr'><strong>quae</strong></span> <span class='ocrx_word' id='word_1_27' title='bbox 838 523 931 584; x_wconf 89' lang='lat' dir='ltr'><strong>aeque</strong></span> <span class='ocrx_word' id='word_1_28' title='bbox 950 506 1080 565; x_wconf 82' lang='lat' dir='ltr'><strong>chamae·</strong></span> 
     </span>
     <span class='ocr_line' id='line_1_5' title="bbox 92 589 1082 668; baseline -0.005 -17"><span class='ocrx_word' id='word_1_29' title='bbox 92 592 160 652; x_wconf 89' lang='lat' dir='ltr'><strong>leon</strong></span> <span class='ocrx_word' id='word_1_30' title='bbox 174 600 313 664; x_wconf 85' lang='lat' dir='ltr'><strong>vocetur,</strong></span> <span class='ocrx_word' id='word_1_31' title='bbox 337 589 493 667; x_wconf 86' lang='lat' dir='ltr'><strong>additoque</strong></span> <span class='ocrx_word' id='word_1_32' title='bbox 509 599 654 667; x_wconf 90' lang='lat' dir='ltr'><strong>unguento</strong></span> <span class='ocrx_word' id='word_1_33' title='bbox 677 589 811 668; x_wconf 86' lang='lat' dir='ltr'><strong>pastillos</strong></span> <span class='ocrx_word' id='word_1_34' title='bbox 834 606 887 647; x_wconf 88' lang='lat' dir='ltr'><strong>eos</strong></span> <span class='ocrx_word' id='word_1_35' title='bbox 906 591 935 648; x_wconf 94' lang='lat' dir='ltr'><strong>in</strong></span> <span class='ocrx_word' id='word_1_36' title='bbox 956 589 1082 665; x_wconf 89' lang='lat' dir='ltr'><strong>ligneum</strong></span> 
     </span>
     <span class='ocr_line' id='line_1_6' title="bbox 69 671 1082 750; baseline 0.001 -22"><span class='ocrx_word' id='word_1_37' title='bbox 69 690 143 734; x_wconf 80' lang='lat' dir='ltr'><strong>evas</strong></span> <span class='ocrx_word' id='word_1_38' title='bbox 162 673 292 734; x_wconf 90' lang='lat' dir='ltr'><strong>conditos</strong></span> <span class='ocrx_word' id='word_1_39' title='bbox 310 683 469 750; x_wconf 82' lang='lat' dir='ltr'><strong>praestare,</strong></span> <span class='ocrx_word' id='word_1_40' title='bbox 487 674 511 733; x_wconf 89' lang='lat' dir='ltr'><strong>si</strong></span> <span class='ocrx_word' id='word_1_41' title='bbox 527 673 685 748; x_wconf 88' lang='lat' dir='ltr'><strong>credimus,</strong></span> <span class='ocrx_word' id='word_1_42' title='bbox 700 691 736 731; x_wconf 94' lang='lat' dir='ltr'><strong>ne</strong></span> <span class='ocrx_word' id='word_1_43' title='bbox 753 681 886 732; x_wconf 86' lang='lat' dir='ltr'><strong>cernatur</strong></span> <span class='ocrx_word' id='word_1_44' title='bbox 903 671 939 732; x_wconf 89' lang='lat' dir='ltr'><strong>ab</strong></span> <span class='ocrx_word' id='word_1_45' title='bbox 955 672 1019 732; x_wconf 91' lang='lat' dir='ltr'><strong>aliis</strong></span> <span class='ocrx_word' id='word_1_46' title='bbox 1034 671 1082 749; x_wconf 91' lang='lat' dir='ltr'><strong>qui</strong></span> 
     </span>
     <span class='ocr_line' id='line_1_7' title="bbox 91 755 1125 818; baseline 0 0"><span class='ocrx_word' id='word_1_47' title='bbox 91 756 206 818; x_wconf 81' lang='lat' dir='ltr'><strong>habeat.</strong></span> <span class='ocrx_word' id='word_1_48' title='bbox 238 774 344 815; x_wconf 90' lang='lat' dir='ltr'><strong>armum</strong></span> <span class='ocrx_word' id='word_1_49' title='bbox 360 757 490 816; x_wconf 82' lang='lat' dir='ltr'><strong>dextrum</strong></span> <span class='ocrx_word' id='word_1_50' title='bbox 504 757 539 816; x_wconf 93' lang='lat' dir='ltr'><strong>ad</strong></span> <span class='ocrx_word' id='word_1_51' title='bbox 560 755 717 816; x_wconf 88' lang='lat' dir='ltr'><strong>vincendos</strong></span> <span class='ocrx_word' id='word_1_52' title='bbox 734 755 916 816; x_wconf 88' lang='lat' dir='ltr'><strong>adversarios</strong></span> <span class='ocrx_word' id='word_1_53' title='bbox 938 756 986 814; x_wconf 87' lang='lat' dir='ltr'><strong>vel</strong></span> <span class='ocrx_word' id='word_1_54' title='bbox 1008 755 1059 815; x_wconf 93' lang='lat' dir='ltr'><strong>ho·</strong></span> <span class='ocrx_word' id='word_1_55' title='bbox 1072 762 1125 818; x_wconf 83' lang='grc'><strong>116</strong></span> 
     </span>
     <span class='ocr_line' id='line_1_8' title="bbox 92 839 1080 917; baseline -0.002 -19"><span class='ocrx_word' id='word_1_56' title='bbox 92 842 144 899; x_wconf 86' lang='lat' dir='ltr'><strong>stis</strong></span> <span class='ocrx_word' id='word_1_57' title='bbox 157 839 265 915; x_wconf 83' lang='lat' dir='ltr'><strong>valere,</strong></span> <span class='ocrx_word' id='word_1_58' title='bbox 281 841 378 917; x_wconf 87' lang='lat' dir='ltr'><strong>utique</strong></span> <span class='ocrx_word' id='word_1_59' title='bbox 390 843 415 900; x_wconf 87' lang='lat' dir='ltr'><strong>si</strong></span> <span class='ocrx_word' id='word_1_60' title='bbox 428 840 559 900; x_wconf 90' lang='lat' dir='ltr'><strong>abiectos</strong></span> <span class='ocrx_word' id='word_1_61' title='bbox 571 840 699 900; x_wconf 90' lang='lat' dir='ltr'><strong>eiusdem</strong></span> <span class='ocrx_word' id='word_1_62' title='bbox 710 857 817 898; x_wconf 88' lang='lat' dir='ltr'><strong>nervos</strong></span> <span class='ocrx_word' id='word_1_63' title='bbox 834 839 1000 915; x_wconf 78' lang='lat' dir='ltr'><strong>calcaverit,</strong></span> <span class='ocrx_word' id='word_1_64' title='bbox 1016 839 1080 896; x_wconf 88' lang='lat' dir='ltr'><strong>sini·</strong></span> 
     </span>
     <span class='ocr_line' id='line_1_9' title="bbox 91 922 1082 1003; baseline -0.002 -21"><span class='ocrx_word' id='word_1_65' title='bbox 91 933 179 982; x_wconf 89' lang='lat' dir='ltr'><strong>strum</strong></span> <span class='ocrx_word' id='word_1_66' title='bbox 206 941 332 982; x_wconf 89' lang='lat' dir='ltr'><strong>umerum</strong></span> <span class='ocrx_word' id='word_1_67' title='bbox 358 924 461 1003; x_wconf 87' lang='lat' dir='ltr'><strong>quibus</strong></span> <span class='ocrx_word' id='word_1_68' title='bbox 481 926 617 984; x_wconf 78' lang='lat' dir='ltr'><strong>monstris</strong></span> <span class='ocrx_word' id='word_1_69' title='bbox 633 932 802 999; x_wconf 88' lang='lat' dir='ltr'><strong>consecret,</strong></span> <span class='ocrx_word' id='word_1_70' title='bbox 834 922 958 1001; x_wconf 88' lang='lat' dir='ltr'><strong>qualiter</strong></span> <span class='ocrx_word' id='word_1_71' title='bbox 972 923 1082 982; x_wconf 82' lang='lat' dir='ltr'><strong>somnia</strong></span> 
     </span>
     <span class='ocr_line' id='line_1_10' title="bbox 91 1007 1082 1086; baseline -0.002 -21"><span class='ocrx_word' id='word_1_72' title='bbox 91 1007 253 1085; x_wconf 73' lang='lat' dir='ltr'><strong>quaerelis</strong></span> <span class='ocrx_word' id='word_1_73' title='bbox 268 1015 297 1067; x_wconf 91' lang='grc'><strong>11</strong></span> <span class='ocrx_word' id='word_1_74' title='bbox 315 1009 418 1085; x_wconf 91' lang='lat' dir='ltr'><strong>quibus</strong></span> <span class='ocrx_word' id='word_1_75' title='bbox 442 1008 515 1067; x_wconf 87' lang='lat' dir='ltr'><strong>velis</strong></span> <span class='ocrx_word' id='word_1_76' title='bbox 533 1011 694 1086; x_wconf 78' lang='lat' dir='ltr'><strong>mittantur,</strong></span> <span class='ocrx_word' id='word_1_77' title='bbox 716 1007 804 1086; x_wconf 90' lang='lat' dir='ltr'><strong>pudet</strong></span> <span class='ocrx_word' id='word_1_78' title='bbox 821 1007 943 1072; x_wconf 85' lang='lat' dir='ltr'><strong>referre.</strong></span> <span class='ocrx_word' id='word_1_79' title='bbox 972 1007 1082 1066; x_wconf 87' lang='lat' dir='ltr'><strong>somnia</strong></span> 
     </span>
     <span class='ocr_line' id='line_1_11' title="bbox 56 1089 1083 1170; baseline -0.003 -19"><span class='ocrx_word' id='word_1_80' title='bbox 56 1111 81 1151; x_wconf 82' lang='lat' dir='ltr'><strong>uo</strong></span> <span class='ocrx_word' id='word_1_81' title='bbox 92 1108 126 1150; x_wconf 91' lang='lat' dir='ltr'><strong>ea</strong></span> <span class='ocrx_word' id='word_1_82' title='bbox 144 1089 246 1149; x_wconf 85' lang='lat' dir='ltr'><strong>dextro</strong></span> <span class='ocrx_word' id='word_1_83' title='bbox 263 1092 340 1170; x_wconf 89' lang='lat' dir='ltr'><strong>pede</strong></span> <span class='ocrx_word' id='word_1_84' title='bbox 354 1093 478 1168; x_wconf 83' lang='lat' dir='ltr'><strong>resolvi,</strong></span> <span class='ocrx_word' id='word_1_85' title='bbox 501 1095 574 1150; x_wconf 84' lang='lat' dir='ltr'><strong>sicut</strong></span> <span class='ocrx_word' id='word_1_86' title='bbox 594 1093 710 1150; x_wconf 87' lang='lat' dir='ltr'><strong>sinistro</strong></span> <span class='ocrx_word' id='word_1_87' title='bbox 728 1091 819 1150; x_wconf 89' lang='lat' dir='ltr'><strong>latere</strong></span> <span class='ocrx_word' id='word_1_88' title='bbox 841 1090 989 1167; x_wconf 88' lang='lat' dir='ltr'><strong>lethargos</strong></span> <span class='ocrx_word' id='word_1_89' title='bbox 1010 1105 1083 1169; x_wconf 93' lang='lat' dir='ltr'><strong>quos</strong></span> 
     </span>
     <span class='ocr_line' id='line_1_12' title="bbox 91 1173 1083 1251; baseline -0.002 -19"><span class='ocrx_word' id='word_1_90' title='bbox 91 1174 194 1232; x_wconf 85' lang='lat' dir='ltr'><strong>iecerit</strong></span> <span class='ocrx_word' id='word_1_91' title='bbox 209 1173 320 1232; x_wconf 86' lang='lat' dir='ltr'><strong>dexter.</strong></span> <span class='ocrx_word' id='word_1_92' title='bbox 352 1177 395 1232; x_wconf 91' lang='lat' dir='ltr'><strong>sic</strong></span> <span class='ocrx_word' id='word_1_93' title='bbox 410 1174 513 1251; x_wconf 87' lang='lat' dir='ltr'><strong>capitis</strong></span> <span class='ocrx_word' id='word_1_94' title='bbox 530 1173 650 1233; x_wconf 89' lang='lat' dir='ltr'><strong>dolores</strong></span> <span class='ocrx_word' id='word_1_95' title='bbox 665 1174 873 1250; x_wconf 86' lang='lat' dir='ltr'><strong>inspersovino</strong></span> <span class='ocrx_word' id='word_1_96' title='bbox 894 1175 922 1231; x_wconf 91' lang='lat' dir='ltr'><strong>in</strong></span> <span class='ocrx_word' id='word_1_97' title='bbox 937 1191 994 1250; x_wconf 93' lang='lat' dir='ltr'><strong>quo</strong></span> <span class='ocrx_word' id='word_1_98' title='bbox 1008 1174 1083 1233; x_wconf 86' lang='lat' dir='ltr'><strong>latus</strong></span> 
     </span>
     <span class='ocr_line' id='line_1_13' title="bbox 92 1255 1083 1336; baseline -0.001 -22"><span class='ocrx_word' id='word_1_99' title='bbox 92 1257 256 1315; x_wconf 90' lang='lat' dir='ltr'><strong>alterutrum</strong></span> <span class='ocrx_word' id='word_1_100' title='bbox 272 1264 445 1315; x_wconf 85' lang='lat' dir='ltr'><strong>maceratum</strong></span> <span class='ocrx_word' id='word_1_101' title='bbox 461 1257 497 1312; x_wconf 87' lang='lat' dir='ltr'><strong>sit</strong></span> <span class='ocrx_word' id='word_1_102' title='bbox 514 1257 618 1315; x_wconf 90' lang='lat' dir='ltr'><strong>sanari.</strong></span> <span class='ocrx_word' id='word_1_103' title='bbox 646 1258 671 1314; x_wconf 92' lang='lat' dir='ltr'><strong>si</strong></span> <span class='ocrx_word' id='word_1_104' title='bbox 685 1256 798 1314; x_wconf 92' lang='lat' dir='ltr'><strong>leminis</strong></span> <span class='ocrx_word' id='word_1_105' title='bbox 814 1257 920 1315; x_wconf 88' lang='lat' dir='ltr'><strong>sinistri</strong></span> <span class='ocrx_word' id='word_1_106' title='bbox 935 1257 982 1315; x_wconf 87' lang='lat' dir='ltr'><strong>vel</strong></span> <span class='ocrx_word' id='word_1_107' title='bbox 1001 1255 1083 1336; x_wconf 89' lang='lat' dir='ltr'><strong>pedis</strong></span> 
     </span>
     <span class='ocr_line' id='line_1_14' title="bbox 94 1337 1083 1418; baseline 0.002 -22"><span class='ocrx_word' id='word_1_108' title='bbox 94 1340 190 1396; x_wconf 90' lang='lat' dir='ltr'><strong>cinere</strong></span> <span class='ocrx_word' id='word_1_109' title='bbox 215 1339 369 1396; x_wconf 82' lang='lat' dir='ltr'><strong>misceatur</strong></span> <span class='ocrx_word' id='word_1_110' title='bbox 394 1337 440 1396; x_wconf 90' lang='lat' dir='ltr'><strong>lac</strong></span> <span class='ocrx_word' id='word_1_111' title='bbox 468 1339 597 1413; x_wconf 89' lang='lat' dir='ltr'><strong>suillum,</strong></span> <span class='ocrx_word' id='word_1_112' title='bbox 622 1338 797 1418; x_wconf 85' lang='lat' dir='ltr'><strong>podagricos</strong></span> <span class='ocrx_word' id='word_1_113' title='bbox 818 1338 880 1397; x_wconf 85' lang='lat' dir='ltr'><strong>fieri</strong></span> <span class='ocrx_word' id='word_1_114' title='bbox 901 1337 986 1396; x_wconf 89' lang='lat' dir='ltr'><strong>inlitis</strong></span> <span class='ocrx_word' id='word_1_115' title='bbox 1003 1338 1083 1417; x_wconf 90' lang='lat' dir='ltr'><strong>pedl·</strong></span> 
     </span>
     <span class='ocr_line' id='line_1_15' title="bbox 91 1419 1122 1498; baseline 0.007 -19"><span class='ocrx_word' id='word_1_116' title='bbox 91 1422 153 1479; x_wconf 87' lang='lat' dir='ltr'><strong>bus.</strong></span> <span class='ocrx_word' id='word_1_117' title='bbox 175 1419 248 1478; x_wconf 84' lang='lat' dir='ltr'><strong>felle</strong></span> <span class='ocrx_word' id='word_1_118' title='bbox 262 1420 445 1496; x_wconf 82' lang='lat' dir='ltr'><strong>glaucomata</strong></span> <span class='ocrx_word' id='word_1_119' title='bbox 463 1428 492 1478; x_wconf 89' lang='lat' dir='ltr'><strong>et</strong></span> <span class='ocrx_word' id='word_1_120' title='bbox 506 1421 689 1480; x_wconf 79' lang='lat' dir='ltr'><strong>subfusiones</strong></span> <span class='ocrx_word' id='word_1_121' title='bbox 705 1422 812 1496; x_wconf 75' lang='lat' dir='ltr'><strong>corrigi</strong></span> <span class='ocrx_word' id='word_1_122' title='bbox 828 1437 922 1498; x_wconf 87' lang='lat' dir='ltr'><strong>prope</strong></span> <span class='ocrx_word' id='word_1_123' title='bbox 936 1422 1063 1480; x_wconf 91' lang='lat' dir='ltr'><strong>creditur</strong></span> <span class='ocrx_word' id='word_1_124' title='bbox 1074 1430 1122 1486; x_wconf 87' lang='grc'><strong>111</strong></span> 
     </span>
     <span class='ocr_line' id='line_1_16' title="bbox 57 1502 1083 1582; baseline -0.001 -20"><span class='ocrx_word' id='word_1_125' title='bbox 57 1523 81 1562; x_wconf 82' lang='lat'><strong>15</strong></span> <span class='ocrx_word' id='word_1_126' title='bbox 93 1503 176 1564; x_wconf 92' lang='lat' dir='ltr'><strong>tridui</strong></span> <span class='ocrx_word' id='word_1_127' title='bbox 192 1504 372 1580; x_wconf 83' lang='lat' dir='ltr'><strong>inunctione,</strong></span> <span class='ocrx_word' id='word_1_128' title='bbox 391 1504 536 1582; x_wconf 89' lang='lat' dir='ltr'><strong>serpentis</strong></span> <span class='ocrx_word' id='word_1_129' title='bbox 553 1505 646 1581; x_wconf 88' lang='lat' dir='ltr'><strong>iugari</strong></span> <span class='ocrx_word' id='word_1_130' title='bbox 667 1502 782 1580; x_wconf 80' lang='lat' dir='ltr'><strong>ignibus</strong></span> <span class='ocrx_word' id='word_1_131' title='bbox 804 1503 958 1578; x_wconf 88' lang='lat' dir='ltr'><strong>instillato,</strong></span> <span class='ocrx_word' id='word_1_132' title='bbox 979 1513 1083 1563; x_wconf 90' lang='lat' dir='ltr'><strong>muste-</strong></span> 
     </span>
     <span class='ocr_line' id='line_1_17' title="bbox 93 1585 1084 1666; baseline -0.002 -20"><span class='ocrx_word' id='word_1_133' title='bbox 93 1588 136 1646; x_wconf 90' lang='lat' dir='ltr'><strong>las</strong></span> <span class='ocrx_word' id='word_1_134' title='bbox 152 1586 280 1646; x_wconf 88' lang='lat' dir='ltr'><strong>contrahi</strong></span> <span class='ocrx_word' id='word_1_135' title='bbox 294 1587 322 1645; x_wconf 90' lang='lat' dir='ltr'><strong>in</strong></span> <span class='ocrx_word' id='word_1_136' title='bbox 344 1605 444 1666; x_wconf 89' lang='lat' dir='ltr'><strong>aquam</strong></span> <span class='ocrx_word' id='word_1_137' title='bbox 466 1589 601 1664; x_wconf 89' lang='lat' dir='ltr'><strong>coiecto,</strong></span> <span class='ocrx_word' id='word_1_138' title='bbox 629 1604 756 1666; x_wconf 87' lang='lat' dir='ltr'><strong>corpore</strong></span> <span class='ocrx_word' id='word_1_139' title='bbox 776 1603 847 1646; x_wconf 87' lang='lat' dir='ltr'><strong>vero</strong></span> <span class='ocrx_word' id='word_1_140' title='bbox 870 1586 949 1647; x_wconf 91' lang='lat' dir='ltr'><strong>inlito</strong></span> <span class='ocrx_word' id='word_1_141' title='bbox 973 1585 1084 1646; x_wconf 86' lang='lat' dir='ltr'><strong>detrahi</strong></span> 
     </span>
     <span class='ocr_line' id='line_1_18' title="bbox 92 1668 1083 1750; baseline 0 -22"><span class='ocrx_word' id='word_1_142' title='bbox 92 1671 177 1750; x_wconf 91' lang='lat' dir='ltr'><strong>pilos.</strong></span> <span class='ocrx_word' id='word_1_143' title='bbox 206 1670 281 1728; x_wconf 90' lang='lat' dir='ltr'><strong>idem</strong></span> <span class='ocrx_word' id='word_1_144' title='bbox 299 1681 448 1748; x_wconf 88' lang='lat' dir='ltr'><strong>praestare</strong></span> <span class='ocrx_word' id='word_1_145' title='bbox 465 1681 580 1731; x_wconf 89' lang='lat' dir='ltr'><strong>narrant</strong></span> <span class='ocrx_word' id='word_1_146' title='bbox 594 1672 676 1732; x_wconf 88' lang='lat' dir='ltr'><strong>iocur</strong></span> <span class='ocrx_word' id='word_1_147' title='bbox 697 1689 760 1730; x_wconf 91' lang='lat' dir='ltr'><strong>cum</strong></span> <span class='ocrx_word' id='word_1_148' title='bbox 782 1687 870 1730; x_wconf 88' lang='lat' dir='ltr'><strong>ranae</strong></span> <span class='ocrx_word' id='word_1_149' title='bbox 887 1668 1006 1730; x_wconf 90' lang='lat' dir='ltr'><strong>rubetae</strong></span> <span class='ocrx_word' id='word_1_150' title='bbox 1022 1668 1083 1748; x_wconf 92' lang='lat' dir='ltr'><strong>pul·</strong></span> 
     </span>
     <span class='ocr_line' id='line_1_19' title="bbox 90 1753 1082 1831; baseline -0.001 -19"><span class='ocrx_word' id='word_1_151' title='bbox 90 1771 176 1812; x_wconf 91' lang='lat' dir='ltr'><strong>mone</strong></span> <span class='ocrx_word' id='word_1_152' title='bbox 191 1753 316 1830; x_wconf 87' lang='lat' dir='ltr'><strong>inlitum,</strong></span> <span class='ocrx_word' id='word_1_153' title='bbox 338 1765 491 1831; x_wconf 87' lang='lat' dir='ltr'><strong>praeterea</strong></span> <span class='ocrx_word' id='word_1_154' title='bbox 508 1756 636 1815; x_wconf 86' lang='lat' dir='ltr'><strong>iocinere</strong></span> <span class='ocrx_word' id='word_1_155' title='bbox 658 1757 793 1815; x_wconf 90' lang='lat' dir='ltr'><strong>amatoria</strong></span> <span class='ocrx_word' id='word_1_156' title='bbox 818 1753 953 1831; x_wconf 89' lang='lat' dir='ltr'><strong>dissolvi,</strong></span> <span class='ocrx_word' id='word_1_157' title='bbox 975 1755 1082 1813; x_wconf 88' lang='lat' dir='ltr'><strong>melan·</strong></span> 
     </span>
     <span class='ocr_line' id='line_1_20' title="bbox 92 1837 1083 1914; baseline 0 -18"><span class='ocrx_word' id='word_1_158' title='bbox 92 1837 223 1896; x_wconf 89' lang='lat' dir='ltr'><strong>cholicos</strong></span> <span class='ocrx_word' id='word_1_159' title='bbox 238 1845 332 1896; x_wconf 90' lang='lat' dir='ltr'><strong>autem</strong></span> <span class='ocrx_word' id='word_1_160' title='bbox 351 1841 462 1914; x_wconf 88' lang='lat' dir='ltr'><strong>sanari,</strong></span> <span class='ocrx_word' id='word_1_161' title='bbox 486 1840 510 1896; x_wconf 91' lang='lat' dir='ltr'><strong>si</strong></span> <span class='ocrx_word' id='word_1_162' title='bbox 534 1857 571 1898; x_wconf 87' lang='lat' dir='ltr'><strong>ex</strong></span> <span class='ocrx_word' id='word_1_163' title='bbox 593 1840 673 1898; x_wconf 92' lang='lat' dir='ltr'><strong>corio</strong></span> <span class='ocrx_word' id='word_1_164' title='bbox 690 1837 904 1897; x_wconf 89' lang='lat' dir='ltr'><strong>chamaeleonis</strong></span> <span class='ocrx_word' id='word_1_165' title='bbox 919 1854 1004 1897; x_wconf 91' lang='lat' dir='ltr'><strong>sucus</strong></span> <span class='ocrx_word' id='word_1_166' title='bbox 1019 1837 1083 1896; x_wconf 93' lang='lat' dir='ltr'><strong>her·</strong></span> 
     </span>
     <span class='ocr_line' id='line_1_21' title="bbox 55 1919 1084 1996; baseline -0.003 -15"><span class='ocrx_word' id='word_1_167' title='bbox 55 1942 81 1981; x_wconf 80' lang='lat'><strong>20</strong></span> <span class='ocrx_word' id='word_1_168' title='bbox 91 1919 146 1979; x_wconf 91' lang='lat' dir='ltr'><strong>bae</strong></span> <span class='ocrx_word' id='word_1_169' title='bbox 162 1920 301 1980; x_wconf 90' lang='lat' dir='ltr'><strong>Heleniae</strong></span> <span class='ocrx_word' id='word_1_170' title='bbox 317 1919 439 1980; x_wconf 88' lang='lat' dir='ltr'><strong>bibatur.</strong></span> <span class='ocrx_word' id='word_1_171' title='bbox 466 1922 598 1981; x_wconf 90' lang='lat' dir='ltr'><strong>intestina</strong></span> <span class='ocrx_word' id='word_1_172' title='bbox 615 1931 643 1980; x_wconf 84' lang='lat' dir='ltr'><strong>et</strong></span> <span class='ocrx_word' id='word_1_173' title='bbox 658 1922 759 1980; x_wconf 92' lang='lat' dir='ltr'><strong>lartum</strong></span> <span class='ocrx_word' id='word_1_174' title='bbox 776 1938 886 1996; x_wconf 91' lang='lat' dir='ltr'><strong>eorum,</strong></span> <span class='ocrx_word' id='word_1_175' title='bbox 904 1937 967 1978; x_wconf 89' lang='lat' dir='ltr'><strong>eum</strong></span> <span class='ocrx_word' id='word_1_176' title='bbox 981 1919 1084 1979; x_wconf 91' lang='lat' dir='ltr'><strong>animal</strong></span> 
     </span>
     <span class='ocr_line' id='line_1_22' title="bbox 92 2003 1082 2079; baseline 0 -18"><span class='ocrx_word' id='word_1_177' title='bbox 92 2003 169 2062; x_wconf 92' lang='lat' dir='ltr'><strong>nullo</strong></span> <span class='ocrx_word' id='word_1_178' title='bbox 190 2004 255 2062; x_wconf 90' lang='lat' dir='ltr'><strong>cibo</strong></span> <span class='ocrx_word' id='word_1_179' title='bbox 272 2005 360 2079; x_wconf 73' lang='lat' dir='ltr'><strong>duat,</strong></span> <span class='ocrx_word' id='word_1_180' title='bbox 374 2022 438 2062; x_wconf 93' lang='lat' dir='ltr'><strong>cnm</strong></span> <span class='ocrx_word' id='word_1_181' title='bbox 449 2005 592 2064; x_wconf 87' lang='lat' dir='ltr'><strong>simiarum</strong></span> <span class='ocrx_word' id='word_1_182' title='bbox 604 2006 683 2063; x_wconf 88' lang='lat' dir='ltr'><strong>urina</strong></span> <span class='ocrx_word' id='word_1_183' title='bbox 700 2003 778 2062; x_wconf 88' lang='lat' dir='ltr'><strong>inlita</strong></span> <span class='ocrx_word' id='word_1_184' title='bbox 791 2004 967 2061; x_wconf 90' lang='lat' dir='ltr'><strong>inimicorum</strong></span> <span class='ocrx_word' id='word_1_185' title='bbox 979 2005 1082 2061; x_wconf 81' lang='lat' dir='ltr'><strong>ianuae</strong></span> 
     </span>
     <span class='ocr_line' id='line_1_23' title="bbox 93 2084 1127 2151; baseline 0.006 -6"><span class='ocrx_word' id='word_1_186' title='bbox 93 2086 186 2145; x_wconf 92' lang='lat' dir='ltr'><strong>odium</strong></span> <span class='ocrx_word' id='word_1_187' title='bbox 214 2089 335 2145; x_wconf 91' lang='lat' dir='ltr'><strong>omnium</strong></span> <span class='ocrx_word' id='word_1_188' title='bbox 362 2086 504 2145; x_wconf 92' lang='lat' dir='ltr'><strong>homiuum</strong></span> <span class='ocrx_word' id='word_1_189' title='bbox 529 2086 573 2145; x_wconf 92' lang='lat' dir='ltr'><strong>his</strong></span> <span class='ocrx_word' id='word_1_190' title='bbox 597 2085 762 2146; x_wconf 87' lang='lat' dir='ltr'><strong>conciliare.</strong></span> <span class='ocrx_word' id='word_1_191' title='bbox 786 2084 876 2144; x_wconf 90' lang='lat' dir='ltr'><strong>cauda</strong></span> <span class='ocrx_word' id='word_1_192' title='bbox 900 2084 1014 2144; x_wconf 86' lang='lat' dir='ltr'><strong>flumina</strong></span> <span class='ocrx_word' id='word_1_193' title='bbox 1035 2093 1127 2151; x_wconf 84' lang='grc'><strong>11118</strong></span> 
     </span>
     <span class='ocr_line' id='line_1_24' title="bbox 92 2168 1085 2247; baseline 0.001 -20"><span class='ocrx_word' id='word_1_194' title='bbox 92 2185 227 2245; x_wconf 88' lang='lat' dir='ltr'><strong>aquarum</strong></span> <span class='ocrx_word' id='word_1_195' title='bbox 242 2171 363 2246; x_wconf 90' lang='lat' dir='ltr'><strong>impetus</strong></span> <span class='ocrx_word' id='word_1_196' title='bbox 379 2171 450 2228; x_wconf 92' lang='lat' dir='ltr'><strong>sisti.</strong></span> <span class='ocrx_word' id='word_1_197' title='bbox 480 2172 623 2247; x_wconf 86' lang='lat' dir='ltr'><strong>serpentis</strong></span> <span class='ocrx_word' id='word_1_198' title='bbox 646 2170 791 2247; x_wconf 88' lang='lat' dir='ltr'><strong>soporari.</strong></span> <span class='ocrx_word' id='word_1_199' title='bbox 822 2168 922 2227; x_wconf 86' lang='lat' dir='ltr'><strong>eadem</strong></span> <span class='ocrx_word' id='word_1_200' title='bbox 943 2169 1085 2228; x_wconf 88' lang='lat' dir='ltr'><strong>medicata</strong></span> 
     </span>
     <span class='ocr_line' id='line_1_25' title="bbox 93 2251 1082 2331; baseline 0 -21"><span class='ocrx_word' id='word_1_201' title='bbox 93 2251 182 2322; x_wconf 75' lang='lat' dir='ltr'><strong>cedro</strong></span> <span class='ocrx_word' id='word_1_202' title='bbox 198 2259 226 2310; x_wconf 87' lang='lat' dir='ltr'><strong>et</strong></span> <span class='ocrx_word' id='word_1_203' title='bbox 240 2269 334 2311; x_wconf 91' lang='lat' dir='ltr'><strong>murra</strong></span> <span class='ocrx_word' id='word_1_204' title='bbox 353 2253 530 2331; x_wconf 75' lang='lat' dir='ltr'><strong>inligataque</strong></span> <span class='ocrx_word' id='word_1_205' title='bbox 553 2255 669 2330; x_wconf 88' lang='lat' dir='ltr'><strong>gemino</strong></span> <span class='ocrx_word' id='word_1_206' title='bbox 686 2269 766 2312; x_wconf 90' lang='lat' dir='ltr'><strong>ramo</strong></span> <span class='ocrx_word' id='word_1_207' title='bbox 787 2251 899 2331; x_wconf 89' lang='lat' dir='ltr'><strong>palmae</strong></span> <span class='ocrx_word' id='word_1_208' title='bbox 914 2269 1082 2329; x_wconf 88' lang='lat' dir='ltr'><strong>percussam</strong></span> 
     </span>
     <span class='ocr_line' id='line_1_26' title="bbox 55 2334 1084 2413; baseline -0.001 -19"><span class='ocrx_word' id='word_1_209' title='bbox 55 2355 82 2394; x_wconf 79' lang='lat'><strong>25</strong></span> <span class='ocrx_word' id='word_1_210' title='bbox 94 2352 195 2412; x_wconf 88' lang='lat' dir='ltr'><strong>aquam</strong></span> <span class='ocrx_word' id='word_1_211' title='bbox 212 2334 324 2412; x_wconf 85' lang='lat' dir='ltr'><strong>discuti,</strong></span> <span class='ocrx_word' id='word_1_212' title='bbox 341 2344 371 2394; x_wconf 91' lang='lat' dir='ltr'><strong>ut</strong></span> <span class='ocrx_word' id='word_1_213' title='bbox 385 2354 460 2413; x_wconf 87' lang='lat' dir='ltr'><strong>quae</strong></span> <span class='ocrx_word' id='word_1_214' title='bbox 482 2339 556 2396; x_wconf 90' lang='lat' dir='ltr'><strong>intus</strong></span> <span class='ocrx_word' id='word_1_215' title='bbox 580 2338 635 2395; x_wconf 91' lang='lat' dir='ltr'><strong>sint</strong></span> <span class='ocrx_word' id='word_1_216' title='bbox 653 2339 746 2395; x_wconf 89' lang='lat' dir='ltr'><strong>omnia</strong></span> <span class='ocrx_word' id='word_1_217' title='bbox 770 2335 942 2412; x_wconf 86' lang='lat' dir='ltr'><strong>adpareant,</strong></span> <span class='ocrx_word' id='word_1_218' title='bbox 965 2336 1084 2395; x_wconf 90' lang='lat' dir='ltr'><strong>utinam·</strong></span> 
     </span>
     <span class='ocr_line' id='line_1_27' title="bbox 93 2416 1083 2497; baseline -0.001 -21"><span class='ocrx_word' id='word_1_219' title='bbox 93 2435 149 2495; x_wconf 91' lang='lat' dir='ltr'><strong>que</strong></span> <span class='ocrx_word' id='word_1_220' title='bbox 166 2435 202 2476; x_wconf 89' lang='lat' dir='ltr'><strong>eo</strong></span> <span class='ocrx_word' id='word_1_221' title='bbox 218 2437 297 2478; x_wconf 92' lang='lat' dir='ltr'><strong>ramo</strong></span> <span class='ocrx_word' id='word_1_222' title='bbox 314 2428 463 2477; x_wconf 89' lang='lat' dir='ltr'><strong>contactus</strong></span> <span class='ocrx_word' id='word_1_223' title='bbox 480 2428 560 2478; x_wconf 88' lang='lat' dir='ltr'><strong>esset</strong></span> <span class='ocrx_word' id='word_1_224' title='bbox 571 2416 764 2493; x_wconf 88' lang='lat' dir='ltr'><strong>Democritus,</strong></span> <span class='ocrx_word' id='word_1_225' title='bbox 783 2419 915 2495; x_wconf 89' lang='lat' dir='ltr'><strong>quoniam</strong></span> <span class='ocrx_word' id='word_1_226' title='bbox 930 2420 969 2478; x_wconf 92' lang='grc'><strong>111</strong></span> <span class='ocrx_word' id='word_1_227' title='bbox 984 2418 1083 2497; x_wconf 89' lang='lat' dir='ltr'><strong>loqua-</strong></span> 
     </span>
     <span class='ocr_line' id='line_1_28' title="bbox 92 2500 1084 2579; baseline -0.001 -21"><span class='ocrx_word' id='word_1_228' title='bbox 92 2503 194 2559; x_wconf 85' lang='lat' dir='ltr'><strong>citates</strong></span> <span class='ocrx_word' id='word_1_229' title='bbox 208 2502 366 2560; x_wconf 89' lang='lat' dir='ltr'><strong>inmodicas</strong></span> <span class='ocrx_word' id='word_1_230' title='bbox 379 2502 510 2579; x_wconf 89' lang='lat' dir='ltr'><strong>promisit</strong></span> <span class='ocrx_word' id='word_1_231' title='bbox 525 2500 658 2559; x_wconf 84' lang='lat' dir='ltr'><strong>inhiberi.</strong></span> <span class='ocrx_word' id='word_1_232' title='bbox 682 2500 835 2577; x_wconf 88' lang='lat' dir='ltr'><strong>palamque</strong></span> <span class='ocrx_word' id='word_1_233' title='bbox 849 2509 893 2558; x_wconf 91' lang='lat' dir='ltr'><strong>est</strong></span> <span class='ocrx_word' id='word_1_234' title='bbox 907 2500 998 2559; x_wconf 87' lang='lat' dir='ltr'><strong>virum</strong></span> <span class='ocrx_word' id='word_1_235' title='bbox 1013 2501 1084 2558; x_wconf 89' lang='lat' dir='ltr'><strong>alias</strong></span> 
     </span>
     <span class='ocr_line' id='line_1_29' title="bbox 92 2580 1084 2658; baseline -0.002 -16"><span class='ocrx_word' id='word_1_236' title='bbox 92 2600 228 2658; x_wconf 87' lang='lat' dir='ltr'><strong>sagacem</strong></span> <span class='ocrx_word' id='word_1_237' title='bbox 251 2593 280 2641; x_wconf 90' lang='lat' dir='ltr'><strong>et</strong></span> <span class='ocrx_word' id='word_1_238' title='bbox 303 2585 380 2642; x_wconf 81' lang='lat' dir='ltr'><strong>vitae</strong></span> <span class='ocrx_word' id='word_1_239' title='bbox 401 2584 579 2642; x_wconf 87' lang='lat' dir='ltr'><strong>utilissimum</strong></span> <span class='ocrx_word' id='word_1_240' title='bbox 602 2584 686 2641; x_wconf 90' lang='lat' dir='ltr'><strong>nimio</strong></span> <span class='ocrx_word' id='word_1_241' title='bbox 703 2580 818 2640; x_wconf 86' lang='lat' dir='ltr'><strong>iuvandi</strong></span> <span class='ocrx_word' id='word_1_242' title='bbox 841 2582 969 2640; x_wconf 84' lang='lat' dir='ltr'><strong>mortalis</strong></span> <span class='ocrx_word' id='word_1_243' title='bbox 990 2581 1084 2640; x_wconf 88' lang='lat' dir='ltr'><strong>studio</strong></span> 
     </span>
     <span class='ocr_line' id='line_1_30' title="bbox 91 2664 269 2744; baseline -0.006 -19"><span class='ocrx_word' id='word_1_244' title='bbox 91 2664 269 2744; x_wconf 91' lang='lat' dir='ltr'><strong>prolapsum.</strong></span> 
     </span>
     <span class='ocr_line' id='line_1_31' title="bbox 54 2748 1127 2829; baseline 0.002 -18"><span class='ocrx_word' id='word_1_245' title='bbox 54 2768 82 2811; x_wconf 82' lang='lat' dir='ltr'><strong>uo</strong></span> <span class='ocrx_word' id='word_1_246' title='bbox 157 2748 238 2829; x_wconf 86' lang='lat'><strong>(30.)</strong></span> <span class='ocrx_word' id='word_1_247' title='bbox 262 2749 308 2808; x_wconf 83' lang='lat' dir='ltr'><strong>En</strong></span> <span class='ocrx_word' id='word_1_248' title='bbox 323 2749 423 2809; x_wconf 89' lang='lat' dir='ltr'><strong>eadem</strong></span> <span class='ocrx_word' id='word_1_249' title='bbox 438 2748 619 2809; x_wconf 90' lang='lat' dir='ltr'><strong>similitudine</strong></span> <span class='ocrx_word' id='word_1_250' title='bbox 634 2757 679 2806; x_wconf 90' lang='lat' dir='ltr'><strong>est</strong></span> <span class='ocrx_word' id='word_1_251' title='bbox 694 2749 825 2822; x_wconf 88' lang='lat' dir='ltr'><strong>scincus,</strong></span> <span class='ocrx_word' id='word_1_252' title='bbox 849 2766 933 2826; x_wconf 90' lang='lat' dir='ltr'><strong>quem</strong></span> <span class='ocrx_word' id='word_1_253' title='bbox 954 2748 1067 2826; x_wconf 91' lang='lat' dir='ltr'><strong>quidam</strong></span> <span class='ocrx_word' id='word_1_254' title='bbox 1077 2758 1127 2813; x_wconf 83' lang='grc'><strong>119</strong></span> 
     </span>
     <span class='ocr_line' id='line_1_32' title="bbox 93 2830 1084 2908; baseline -0.002 -15"><span class='ocrx_word' id='word_1_255' title='bbox 93 2839 259 2893; x_wconf 86' lang='lat' dir='ltr'><strong>terrestrem</strong></span> <span class='ocrx_word' id='word_1_256' title='bbox 277 2833 454 2895; x_wconf 91' lang='lat' dir='ltr'><strong>crocodilum</strong></span> <span class='ocrx_word' id='word_1_257' title='bbox 469 2852 536 2893; x_wconf 88' lang='lat' dir='ltr'><strong>esse</strong></span> <span class='ocrx_word' id='word_1_258' title='bbox 551 2833 697 2908; x_wconf 85' lang='lat' dir='ltr'><strong>dixerunt,</strong></span> <span class='ocrx_word' id='word_1_259' title='bbox 715 2830 862 2893; x_wconf 90' lang='lat' dir='ltr'><strong>candidior</strong></span> <span class='ocrx_word' id='word_1_260' title='bbox 876 2842 970 2893; x_wconf 89' lang='lat' dir='ltr'><strong>autem</strong></span> <span class='ocrx_word' id='word_1_261' title='bbox 993 2839 1023 2891; x_wconf 87' lang='grc'><strong>11</strong></span> <span class='ocrx_word' id='word_1_262' title='bbox 1042 2841 1084 2891; x_wconf 94' lang='lat' dir='ltr'><strong>te·</strong></span> 
     </span>
     <span class='ocr_line' id='line_1_33' title="bbox 92 2915 1084 2996; baseline 0.001 -22"><span class='ocrx_word' id='word_1_263' title='bbox 92 2919 194 2975; x_wconf 91' lang='lat' dir='ltr'><strong>nuiore</strong></span> <span class='ocrx_word' id='word_1_264' title='bbox 211 2924 286 2980; x_wconf 88' lang='lat' dir='ltr'><strong>cute.</strong></span> <span class='ocrx_word' id='word_1_265' title='bbox 310 2919 467 2996; x_wconf 90' lang='lat' dir='ltr'><strong>praecipua</strong></span> <span class='ocrx_word' id='word_1_266' title='bbox 482 2927 575 2977; x_wconf 87' lang='lat' dir='ltr'><strong>tamen</strong></span> <span class='ocrx_word' id='word_1_267' title='bbox 592 2915 751 2976; x_wconf 78' lang='lat' dir='ltr'><strong>differentia</strong></span> <span class='ocrx_word' id='word_1_268' title='bbox 768 2915 928 2976; x_wconf 88' lang='lat' dir='ltr'><strong>dinoscitur</strong></span> <span class='ocrx_word' id='word_1_269' title='bbox 944 2934 960 2976; x_wconf 91' lang='lat' dir='ltr'><strong>a</strong></span> <span class='ocrx_word' id='word_1_270' title='bbox 983 2932 1084 2975; x_wconf 91' lang='lat' dir='ltr'><strong>croco·</strong></span> 
     </span>
     <span class='ocr_line' id='line_1_34' title="bbox 92 2997 1084 3078; baseline 0.001 -22"><span class='ocrx_word' id='word_1_271' title='bbox 92 2998 162 3074; x_wconf 90' lang='lat' dir='ltr'><strong>dilo,</strong></span> <span class='ocrx_word' id='word_1_272' title='bbox 179 3017 357 3076; x_wconf 90' lang='lat' dir='ltr'><strong>squamarum</strong></span> <span class='ocrx_word' id='word_1_273' title='bbox 373 3003 449 3061; x_wconf 89' lang='lat' dir='ltr'><strong>serie</strong></span> <span class='ocrx_word' id='word_1_274' title='bbox 465 3020 481 3061; x_wconf 92' lang='lat' dir='ltr'><strong>a</strong></span> <span class='ocrx_word' id='word_1_275' title='bbox 501 3000 591 3061; x_wconf 90' lang='lat' dir='ltr'><strong>cauda</strong></span> <span class='ocrx_word' id='word_1_276' title='bbox 607 3000 642 3060; x_wconf 90' lang='lat' dir='ltr'><strong>ad</strong></span> <span class='ocrx_word' id='word_1_277' title='bbox 659 3009 745 3078; x_wconf 90' lang='lat' dir='ltr'><strong>caput</strong></span> <span class='ocrx_word' id='word_1_278' title='bbox 757 3018 850 3060; x_wconf 86' lang='lat' dir='ltr'><strong>versa.</strong></span> <span class='ocrx_word' id='word_1_279' title='bbox 879 3017 1026 3058; x_wconf 87' lang='lat' dir='ltr'><strong>maxumus</strong></span> <span class='ocrx_word' id='word_1_280' title='bbox 1040 2997 1084 3057; x_wconf 92' lang='lat' dir='ltr'><strong>lu·</strong></span> 
     </span>
     <span class='ocr_line' id='line_1_35' title="bbox 92 3081 1086 3160; baseline -0.003 -19"><span class='ocrx_word' id='word_1_281' title='bbox 92 3083 188 3150; x_wconf 87' lang='lat' dir='ltr'><strong>dicus,</strong></span> <span class='ocrx_word' id='word_1_282' title='bbox 213 3081 315 3143; x_wconf 91' lang='lat' dir='ltr'><strong>deinde</strong></span> <span class='ocrx_word' id='word_1_283' title='bbox 336 3084 494 3160; x_wconf 86' lang='lat' dir='ltr'><strong>Arabicus,</strong></span> <span class='ocrx_word' id='word_1_284' title='bbox 521 3084 687 3144; x_wconf 81' lang='lat' dir='ltr'><strong>adferuntur</strong></span> <span class='ocrx_word' id='word_1_285' title='bbox 713 3083 791 3142; x_wconf 87' lang='lat' dir='ltr'><strong>salsi.</strong></span> <span class='ocrx_word' id='word_1_286' title='bbox 824 3092 947 3141; x_wconf 85' lang='lat' dir='ltr'><strong>rostrum</strong></span> <span class='ocrx_word' id='word_1_287' title='bbox 970 3083 1032 3140; x_wconf 89' lang='lat' dir='ltr'><strong>eius</strong></span> <span class='ocrx_word' id='word_1_288' title='bbox 1058 3089 1086 3138; x_wconf 90' lang='lat' dir='ltr'><strong>et</strong></span> 
     </span>
    </p>
   </div>
   <div class='ocr_carea' id='block_1_3' title="bbox 56 3163 1138 3560">
    <p class='ocr_par' dir='ltr' id='par_1_3' title="bbox 56 3163 1138 3560">
     <span class='ocr_line' id='line_1_36' title="bbox 56 3163 1086 3244; baseline -0.001 -22"><span class='ocrx_word' id='word_1_289' title='bbox 56 3180 83 3222; x_wconf 80' lang='lat' dir='ltr'><strong>sa</strong></span> <span class='ocrx_word' id='word_1_290' title='bbox 94 3163 186 3243; x_wconf 87' lang='lat' dir='ltr'><strong>pedes</strong></span> <span class='ocrx_word' id='word_1_291' title='bbox 200 3167 229 3224; x_wconf 91' lang='lat' dir='ltr'><strong>in</strong></span> <span class='ocrx_word' id='word_1_292' title='bbox 244 3166 311 3225; x_wconf 86' lang='lat' dir='ltr'><strong>vino</strong></span> <span class='ocrx_word' id='word_1_293' title='bbox 326 3167 392 3227; x_wconf 94' lang='lat' dir='ltr'><strong>albo</strong></span> <span class='ocrx_word' id='word_1_294' title='bbox 409 3170 469 3244; x_wconf 90' lang='lat' dir='ltr'><strong>poti</strong></span> <span class='ocrx_word' id='word_1_295' title='bbox 485 3168 655 3244; x_wconf 89' lang='lat' dir='ltr'><strong>cupiditates</strong></span> <span class='ocrx_word' id='word_1_296' title='bbox 669 3167 786 3224; x_wconf 84' lang='lat' dir='ltr'><strong>veneris</strong></span> <span class='ocrx_word' id='word_1_297' title='bbox 803 3164 971 3240; x_wconf 91' lang='lat' dir='ltr'><strong>accendunt,</strong></span> <span class='ocrx_word' id='word_1_298' title='bbox 988 3165 1086 3241; x_wconf 89' lang='lat' dir='ltr'><strong>utique</strong></span> 
     </span>
     <span class='ocr_line' id='line_1_37' title="bbox 94 3248 1085 3324; baseline -0.003 -16"><span class='ocrx_word' id='word_1_299' title='bbox 94 3267 158 3308; x_wconf 90' lang='lat' dir='ltr'><strong>oum</strong></span> <span class='ocrx_word' id='word_1_300' title='bbox 176 3251 283 3323; x_wconf 79' lang='lat' dir='ltr'><strong>satyrio</strong></span> <span class='ocrx_word' id='word_1_301' title='bbox 300 3259 328 3309; x_wconf 88' lang='lat' dir='ltr'><strong>et</strong></span> <span class='ocrx_word' id='word_1_302' title='bbox 345 3268 450 3310; x_wconf 87' lang='lat' dir='ltr'><strong>erucae</strong></span> <span class='ocrx_word' id='word_1_303' title='bbox 472 3253 579 3310; x_wconf 90' lang='lat' dir='ltr'><strong>semine</strong></span> <span class='ocrx_word' id='word_1_304' title='bbox 602 3248 722 3324; x_wconf 91' lang='lat' dir='ltr'><strong>siugulis</strong></span> <span class='ocrx_word' id='word_1_305' title='bbox 742 3248 884 3307; x_wconf 88' lang='lat' dir='ltr'><strong>drachmis</strong></span> <span class='ocrx_word' id='word_1_306' title='bbox 907 3248 1030 3305; x_wconf 91' lang='lat' dir='ltr'><strong>omnium</strong></span> <span class='ocrx_word' id='word_1_307' title='bbox 1051 3263 1085 3305; x_wconf 91' lang='lat' dir='ltr'><strong>ao</strong></span> 
     </span>
     <span class='ocr_line' id='line_1_38' title="bbox 95 3328 1085 3409; baseline 0 -21"><span class='ocrx_word' id='word_1_308' title='bbox 95 3333 205 3409; x_wconf 90' lang='lat' dir='ltr'><strong>piperis</strong></span> <span class='ocrx_word' id='word_1_309' title='bbox 220 3332 328 3393; x_wconf 89' lang='lat' dir='ltr'><strong>duabus</strong></span> <span class='ocrx_word' id='word_1_310' title='bbox 353 3333 483 3393; x_wconf 88' lang='lat' dir='ltr'><strong>admixtis</strong></span> <span class='ocrx_word' id='word_1_311' title='bbox 500 3334 538 3392; x_wconf 86' lang='lat' dir='ltr'><strong>ita</strong></span> <span class='ocrx_word' id='word_1_312' title='bbox 566 3331 672 3408; x_wconf 91' lang='lat' dir='ltr'><strong>pastilli</strong></span> <span class='ocrx_word' id='word_1_313' title='bbox 694 3331 868 3408; x_wconf 85' lang='lat' dir='ltr'><strong>singularum</strong></span> <span class='ocrx_word' id='word_1_314' title='bbox 890 3328 1085 3388; x_wconf 89' lang='lat' dir='ltr'><strong>drachmarum</strong></span> 
     </span>
     <span class='ocr_line' id='line_1_39' title="bbox 95 3412 1138 3494; baseline -0.001 -22"><span class='ocrx_word' id='word_1_315' title='bbox 95 3413 245 3492; x_wconf 83' lang='lat' dir='ltr'><strong>bibantur,</strong></span> <span class='ocrx_word' id='word_1_316' title='bbox 275 3434 332 3494; x_wconf 92' lang='lat' dir='ltr'><strong>per</strong></span> <span class='ocrx_word' id='word_1_317' title='bbox 344 3435 375 3476; x_wconf 89' lang='lat' dir='ltr'><strong>se</strong></span> <span class='ocrx_word' id='word_1_318' title='bbox 390 3417 509 3476; x_wconf 90' lang='lat' dir='ltr'><strong>laterum</strong></span> <span class='ocrx_word' id='word_1_319' title='bbox 525 3432 627 3475; x_wconf 87' lang='lat' dir='ltr'><strong>carnes</strong></span> <span class='ocrx_word' id='word_1_320' title='bbox 642 3412 737 3472; x_wconf 88' lang='lat' dir='ltr'><strong>obolis</strong></span> <span class='ocrx_word' id='word_1_321' title='bbox 751 3413 824 3472; x_wconf 91' lang='lat' dir='ltr'><strong>binis</strong></span> <span class='ocrx_word' id='word_1_322' title='bbox 840 3431 902 3471; x_wconf 92' lang='lat' dir='ltr'><strong>cum</strong></span> <span class='ocrx_word' id='word_1_323' title='bbox 925 3430 1021 3471; x_wconf 84' lang='lat' dir='ltr'><strong>murra</strong></span> <span class='ocrx_word' id='word_1_324' title='bbox 1035 3420 1067 3468; x_wconf 79' lang='lat' dir='ltr'><strong>et</strong></span> <span class='ocrx_word' id='word_1_325' title='bbox 1077 3421 1138 3471; x_wconf 67' lang='grc'><strong>111»</strong></span> 
     </span>
     <span class='ocr_line' id='line_1_40' title="bbox 143 3493 939 3560; baseline -0.006 -5"><span class='ocrx_word' id='word_1_326' title='bbox 143 3517 212 3559; x_wconf 72' lang='lat' dir='ltr'><strong>auru.</strong></span> <span class='ocrx_word' id='word_1_327' title='bbox 227 3519 291 3558; x_wconf 70' lang='lat' dir='ltr'><strong>nar.</strong></span> <span class='ocrx_word' id='word_1_328' title='bbox 305 3520 375 3560; x_wconf 80' lang='lat' dir='ltr'><strong>uror.</strong></span> <span class='ocrx_word' id='word_1_329' title='bbox 398 3503 444 3558; x_wconf 84' lang='lat' dir='ltr'><strong>lv.</strong></span> <span class='ocrx_word' id='word_1_330' title='bbox 891 3493 939 3550; x_wconf 64' lang='grc' dir='ltr'><strong>Ὀ.</strong></span> 
     </span>
    </p>
   </div>
   <div class='ocr_carea' id='block_1_4' title="bbox 0 0 1209 3840">
    <p class='ocr_par' dir='ltr' id='par_1_4' title="bbox 0 0 1209 3840">
     <span class='ocr_line' id='line_1_41' title="bbox 0 0 1209 3840; baseline 0 0"><span class='ocrx_word' id='word_1_331' title='bbox 0 0 1209 3840; x_wconf 95' lang='lat' dir='ltr'><strong> </strong></span> 
     </span>
    </p>
   </div>
  </div>
 </body>
</html>
