2400 3840
317 197 397 246 nuu.
414 197 506 246 msa.
521 198 645 246 xxvmt.
661 196 687 251 t.
706 197 732 251 a.
748 189 807 265 (aa.
823 188 883 266 at.)
1032 189 1089 250 171

97 370 197 414 rursus
209 351 426 429 contuentibus,
449 369 618 432 omnemque
633 355 689 413 rim
702 352 789 412 talem
800 354 919 432 resolvi,
933 355 959 414 si
975 355 1091 415 mullum

98 439 208 516 piscem
224 434 468 497 secum‘baheant
489 436 569 495 multi
580 454 652 496 vero
664 438 761 496 inesse
778 439 863 497 etiam
874 438 1001 499 remedia
1012 447 1090 499 tauto

97 521 191 595 malo,
209 519 347 600 podagris
362 519 456 594 inlini,
480 516 604 580 saumas
625 530 655 580 et
669 519 833 598 parotidas,
857 536 964 598 panon,
987 538 1090 582 sacros

95 605 185 680 ignis,
201 601 387 680 furunculos,
410 603 568 682 epiphoras
582 612 703 664 tractatu
719 603 868 663 mulierum
884 622 981 664 earum
995 605 1090 682 leniri,

70 687 161 748 rhais
177 695 206 746 et
222 685 312 763 Salpe
329 702 431 745 cauum
446 686 626 747 rabiosorum
646 704 759 747 morsus
775 696 805 746 et
824 690 961 748 tertianas
977 696 1089 766 quarta·

95 787 205 847 nanque
225 768 316 828 labris
337 778 483 830 menstruo
502 772 530 829 iu
553 770 619 830 lana
634 771 732 830 arietis
748 770 823 847 nigri
843 781 983 849 argenteo
1006 771 1089 831 brac·

97 853 182 912 chiali
198 851 327 928 incluso,
346 851 488 912 Diotimus
504 853 658 914 'lhebanus
680 853 729 912 rel
747 856 861 914 omuino
877 857 966 914 vestis
986 856 1025 914 ita
1046 855 1134 918 ἐπι-83

95 937 190 995 lectae
218 935 399 1016 portiuncula
429 954 464 996 ac
487 937 535 996 vel
567 937 635 997 licio
659 937 816 997 bracchiali
838 939 958 998 inserto.
993 939 1089 998 Sotira

96 1018 239 1079 obstetrix
259 1020 388 1080 tertianis
408 1020 613 1100 quartanisque
631 1021 863 1081 efficacissimum
885 1022 956 1082 dixit
975 1021 1089 1100 plautas

59 1117 86 1159 1o
95 1106 192 1181 aegris
215 1102 382 1179 subterliui,
412 1102 559 1180 multoque
586 1103 736 1164 efficacius
763 1103 887 1183 abipsa
912 1105 1032 1165 muliere
1060 1113 1090 1165 et

93 1187 246 1264 ignoranti.
278 1188 367 1245 sicet
388 1185 541 1245 comitialis
556 1187 687 1246 excitari.
716 1186 841 1248 Ioatidas
861 1189 991 1248 medicus
1005 1205 1089 1267 quar·

93 1279 176 1328 tauas
194 1269 267 1328 liniri
283 1269 372 1345 coitu,
387 1268 593 1347 incipientibus
608 1269 754 1329 dumtaxat
773 1273 937 1345 menstruis,
955 1288 1086 1349 spopou·

94 1351 143 1412 dit.
173 1352 248 1410 luter
264 1352 357 1411 omnis
371 1369 444 1412 vero
464 1353 610 1428 convenit,
627 1353 651 1411 si
666 1368 740 1428 aqua
753 1360 899 1431 potusque
917 1352 1131 1418 iormidetur84

94 1435 327 1510 amorsuuauis,
340 1436 490 1514 supposita
501 1444 606 1495 tautum
622 1432 707 1494 calici
725 1433 828 1494 lacinia
843 1435 904 1511 tali,
920 1436 1015 1494 statim
1028 1451 1086 1494 me·

59 1528 152 1580 tatum
166 1535 231 1577 eum
247 1518 369 1592 discuti,
391 1516 529 1578 videlieet
542 1517 732 1598 praevalente
751 1518 911 1595 sympathia
933 1517 983 1578 illa
999 1517 1087 1578 Grae·

94 1620 208 1678 corum,
232 1618 295 1661 cum
311 1600 420 1662 rabiem
442 1618 542 1662 cauum
565 1602 627 1662 eius
647 1601 794 1678 sanguinis
823 1609 938 1678 gustatu
959 1601 1089 1680 incipere

92 1686 258 1745 dixerimus.
274 1687 372 1745 cinere
384 1704 420 1746 eo
434 1687 622 1746 iumentorum
635 1687 757 1744 omnium
764 1685 865 1745 ulcera
878 1685 973 1745 sanari
982 1702 1043 1744 oer-
1055 1702 1073 1743 t.
1087 1706 1111 1742 rs

91 1780 150 1830 tum
171 1779 215 1828 est
235 1769 329 1830 addita
348 1770 520 1830 caminorum
536 1770 628 1830 iariua
643 1776 673 1828 et
695 1787 773 1829 cera.
804 1769 932 1828 maculas
948 1777 1078 1829 autema

91 1862 175 1912 veste
193 1848 245 1913 eas
259 1871 317 1912 uon
330 1853 385 1912 uisi
401 1852 530 1913 eiusdem
546 1853 626 1913 urina
642 1851 729 1912 ablui.
758 1854 885 1912 cinerem
905 1870 961 1931 per
975 1869 1008 1911 se
1030 1869 1077 1912 ro·
1089 1863 1124 1917 86

56 1954 180 2000 sosaceo
202 1939 318 1997 mixtum
343 1936 510 1997 feminarum
533 1937 691 2014 praecipue
716 1937 819 2012 capitis
840 1934 961 1995 dolores
982 1934 1086 1994 sedare

92 2021 201 2079 inlitum
218 2019 305 2079 irouti
314 2063 323 2094 ,
347 2020 593 2098 asperrimamque
606 2020 663 2077 vim
679 2019 803 2097 profluvi
825 2021 886 2078 eius
903 2035 970 2078 esse
984 2035 1040 2094 per
1054 2035 1088 2076 se

91 2104 173 2164 anuis
187 2102 352 2179 uirginitate
368 2101 472 2162 soluta.
501 2103 530 2163 id
548 2119 664 2181 quoque
685 2103 831 2177 convenit,
847 2117 905 2180 quo
921 2099 990 2160 nihil
1007 2101 1086 2178 equi·

92 2188 158 2246 dem
179 2185 315 2245 libentius
338 2182 526 2263 crediderim,
549 2187 634 2246 tactis
649 2186 764 2245 omuino
785 2194 933 2246 menstruo
955 2183 1088 2264 postibus

93 2271 192 2329 inritas
207 2269 270 2329 fieri
284 2267 433 2346 Magorum
448 2278 542 2345 artes,
563 2271 682 2346 generis
698 2269 862 2346 vanissimi,
884 2278 913 2329 ut
934 2269 1087 2328 aestimare

57 2353 171 2416 aulicet.
212 2368 318 2441 ponam
342 2354 416 2412 euim
438 2353 486 2413 vel
508 2352 750 2412 modestissimum
769 2371 786 2412 e
808 2355 958 2433 promissis
973 2361 1129 2428 eorum,86

93 2455 130 2496 ex
148 2436 262 2496 homine
278 2435 419 2512 siquidem
443 2436 608 2511 resegmina
624 2435 759 2510 unguium
775 2454 791 2494 e
806 2434 930 2514 pedibus
943 2433 1086 2494 manibus·

93 2537 149 2597 que
174 2536 241 2577 cera
265 2519 422 2598 permixta,
449 2520 489 2576 ita
508 2526 540 2576 ut
556 2516 667 2577 dicatur
685 2518 844 2594 tertianae,
869 2526 1025 2593 quartanae
1038 2518 1087 2576 vel

94 2600 254 2661 cotidianae
275 2599 351 2660 febri
371 2599 528 2659 remedium
549 2600 665 2676 quaeri,
686 2608 753 2660 aute
777 2600 848 2659 solis
865 2607 958 2659 ortum
972 2598 1086 2660 alienae

91 2686 194 2744 ianuae
208 2682 294 2759 adfigi
307 2681 406 2742 iubent
417 2682 453 2742 ad
464 2683 590 2744 remedia
604 2684 632 2742 in
643 2681 687 2742 his
700 2682 819 2759 morbis,
832 2690 936 2761 quauta
949 2682 1085 2759 vanitate,

56 2786 83 2831 ao
94 2769 118 2827 si
133 2765 237 2826 falsum
253 2774 311 2844 est,
326 2775 430 2846 quauta
447 2784 520 2826 vero
535 2768 637 2842 noxia,
656 2767 681 2826 si
696 2766 871 2825 transierunt
883 2764 1016 2826 morbos!
1045 2768 1086 2825 in·

91 2850 280 2911 nocentiores
308 2868 346 2910 ex
371 2850 415 2909 his
439 2850 561 2911 omnium
581 2849 734 2926 digitorum
759 2850 925 2927 resegmina
950 2851 1087 2925 unguium

93 2935 128 2994 ad
158 2951 298 2994 cavernas
327 2935 510 2994 formicarum
539 2933 615 2994 abici
645 2933 744 2993 iubeut
771 2951 891 3013 eamque
923 2950 998 3012 quae
1028 2935 1085 3011 pri·

91 3036 136 3078 ma
165 3020 298 3097 coeperit
318 3018 433 3078 trahere
456 3027 622 3095 conceptam
649 3016 782 3078 subnecti
805 3018 899 3096 collo,
919 3017 959 3078 ita
982 3016 1086 3076 discuti

92 3100 233 3161 morbum.

55 3202 83 3245 aa
156 3186 185 3247 8.
210 3184 294 3262 (24.)
316 3182 395 3243 llaec
415 3192 480 3244 suut
501 3180 574 3262 quae
598 3185 735 3245 retulisse
759 3185 804 3245 las
827 3185 863 3243 sit
884 3200 919 3244 ae
941 3182 1125 3261 pleraquchl

92 3269 219 3327 nonnisi
233 3267 345 3327 honore
359 3266 448 3342 dicto,
460 3267 572 3344 reliqua
582 3268 766 3342 intestabilia,
781 3266 911 3343 lalanda,
924 3276 954 3325 ut
969 3266 1087 3326 festinet
1167 3293 1169 3296 ’

94 3353 187 3411 oratio
205 3350 240 3410 ab
256 3350 370 3410 homine
385 3351 498 3427 iugera.
528 3353 557 3410 iu
573 3354 679 3411 ceteris
695 3351 842 3412 claritates
859 3349 1019 3409 animalium
1037 3358 1086 3408 aut

93 3449 215 3512 operum
230 3451 393 3513 sequemur.
426 3432 580 3513 Elephanti
595 3437 723 3511 sanguis,
743 3433 900 3512 praecipue
912 3433 1023 3505 maris,
1034 3431 1090 3488 llu-
