2400 3840
131 148 193 210 242
481 161 510 211 c.
528 162 624 210 numu
638 161 789 210 sucuunr

131 326 185 377 tur.
223 335 261 376 ex
275 316 320 376 his
334 315 391 376 XX
403 318 508 376 torreri
528 316 626 376 iubent
641 333 676 376 ac
690 315 750 375 bibi
773 315 897 375 emulso
914 323 1015 376 contra
1032 315 1129 375 ortbo·
1193 390 1196 395 Ι

131 417 252 480 pnoeas.
282 400 450 476 sanguinem
465 399 673 479 exspuentibus
691 399 824 474 cocleae,
842 400 867 458 si
884 398 932 477 qui
948 397 1045 458 inlotis
1063 416 1128 478 pro·

130 494 244 563 tropum
260 483 387 544 infundat
403 484 450 544 vel
468 485 605 544 marinam
621 500 735 560 aquam,
757 485 797 543 ita
813 482 958 560 decoquat
974 491 1003 542 et
1017 484 1046 542 in
1062 481 1128 543 cibo
1192 504 1194 517 ·

121 577 240 644 sumat,
258 576 306 627 aut
325 569 350 627 si
365 569 450 628 tritas
468 585 531 627 cum
550 567 632 626 testis
653 569 715 627 suis
728 575 873 627 sumantur
892 584 956 627 cum
973 575 1128 644 protropo,

131 655 174 712 sic
191 660 220 711 et
235 653 307 711 tussi
319 650 484 728 medentur,
499 652 681 710 -vonnicas
697 651 828 729 privatim
850 660 932 710 sanat
951 649 1009 709 mel
1027 650 1056 708 in
1069 667 1152 729 quos

87 749 202 814 coepes
220 737 276 795 sint
291 735 470 812 demortuae,
484 769 527 781 —
541 735 708 811 sanguinem
724 733 909 794 reicientibus
923 733 1020 811 pulmo
1034 732 1127 793 voltu·

130 821 208 880 rinus
223 819 369 895 vitigineis
387 817 473 894 lignis
490 817 657 878 combustus
675 817 788 878 adiecto
805 817 878 877 llore
894 817 962 877 mali
973 815 1075 876 Punici
1091 834 1128 876 ex

129 913 213 982 parte
230 902 359 975 dimidia,
379 902 447 960 item
464 911 652 962 cotoneorum
667 903 848 979 liliorumque
869 900 972 960 iisdem
989 900 1128 978 portioni-

129 986 182 1045 bus
197 994 282 1063 potus
298 1002 380 1043 mane
393 993 478 1063 atque
494 986 612 1064 vesperi
628 1004 645 1045 o
662 986 741 1062 vino,
760 986 784 1045 si
801 984 900 1044 lebres
914 983 1022 1061 absint,
1036 985 1061 1043 si
1077 983 1126 1043 nni·

129 1087 191 1146 nus,
209 1086 247 1128 ex
261 1085 334 1146 aqua
349 1068 378 1126 in
394 1087 451 1147 qua
466 1078 587 1130 cotonea
605 1069 728 1129 decocta
745 1069 810 1129 sint.
1134 1088 1159 1130 uo

87 1165 120 1218 51
187 1152 270 1233 (17.)
293 1151 417 1212 Pecudis
439 1153 497 1213 lien
518 1171 622 1213 recens
643 1153 764 1229 magicis
781 1152 949 1230 praeceptis
972 1169 1061 1229 super
1077 1151 1125 1211 do·

130 1238 238 1298 lentem
261 1236 367 1296 lienem
388 1236 551 1297 extenditur
571 1237 687 1296 dicente
702 1253 738 1295 eo
763 1237 811 1313 qui
828 1234 977 1294 medeatur
1000 1235 1070 1294 lieni
1094 1253 1125 1296 se

129 1320 286 1381 remedium
308 1319 418 1380 lacere.
450 1320 590 1400 posthoc
606 1320 704 1380 iubent
723 1320 752 1379 in
769 1321 881 1398 pariete
899 1317 1049 1378 dormituri
1065 1318 1125 1379 eius

128 1405 252 1470 lectorio
268 1402 375 1463 includi
395 1412 425 1464 et
439 1403 587 1481 obsignari
602 1404 688 1464 anulo
706 1412 767 1477 ter,
787 1404 909 1462 noviens
926 1418 1045 1461 carmen
1060 1401 1125 1465 dici.

130 1490 247 1548 caninus
262 1489 287 1547 si
303 1488 411 1547 viventi
426 1489 566 1548 eximatur
581 1497 611 1548 et
624 1490 652 1546 in
668 1486 733 1548 cibo
750 1496 885 1563 sumatur,
903 1485 1008 1547 liberat
1028 1503 1065 1547 eo
1084 1486 1123 1546 ri·
1134 1502 1155 1543 m

85 1583 120 1636 52
130 1573 180 1633 tio.
211 1571 324 1649 quidam
340 1580 488 1631 recentem
503 1572 722 1650 superinligant.
751 1571 799 1632 alii
810 1571 895 1630 duum
912 1570 1024 1630 dierum
1040 1569 1124 1631 catuli

130 1674 167 1716 ex
191 1663 274 1714 aceto
292 1653 399 1713 scillite
422 1654 489 1714 dant
509 1657 668 1732 ignoranti,
691 1654 740 1714 vel
760 1655 889 1714 irenacei
912 1653 1035 1731 lienem,
1058 1655 1124 1715 item
1188 1670 1190 1711 ι

129 1737 295 1799 coclearum
315 1737 441 1796 cinerem
459 1739 647 1797 cumsemine
665 1737 761 1797 liniet
783 1739 891 1798 urticae
911 1736 1007 1796 addito
1026 1737 1123 1812 melle,

130 1823 225 1883 donec
246 1828 392 1898 persanst.
423 1820 527 1880 liberat
548 1829 577 1880 et
597 1821 706 1880 lacerta
729 1821 827 1881 viridis
846 1823 913 1881 viva
937 1821 966 1879 in
984 1820 1045 1882 olla
1060 1829 1124 1882 ante

129 1904 291 1965 cubiculum
308 1901 502 1964 dormitorium
518 1905 579 1964 eius
595 1905 641 1964 cui
654 1903 801 1966 medeatur
815 1920 972 1983 suspensa,
994 1913 1025 1965 ut
1040 1922 1122 1981 egre·
1132 1924 1156 1968 to
1188 1903 1192 2007 Ι

128 1989 210 2049 diens
224 1997 434 2066 revertensque
446 1989 566 2066 attingat
580 2007 673 2064 manu,
690 1989 760 2048 cinis
779 2007 795 2048 e
812 1990 906 2069 capite
922 1986 1048 2051 bubonis
1062 2005 1124 2048 cum

127 2081 285 2150 unguento,
301 2071 358 2131 rnel
374 2072 401 2131 in
420 2090 477 2151 quo
495 2090 567 2152 apes
579 2073 634 2133 sint
650 2081 790 2148 mortuae,
803 2089 936 2148 araneus,
952 2080 981 2131 et
993 2089 1124 2133 maxume

129 2158 177 2234 qui
192 2156 276 2230 lycos
284 2164 418 2236 vocatur.

85 2251 121 2305 53
185 2239 267 2316 (18.)
291 2238 416 2316 Upupae
432 2255 483 2297 cor
502 2239 601 2299 lateris
619 2239 771 2299 doloribus
786 2239 933 2318 laudatur,
959 2239 1124 2299 coclearum

128 2323 199 2382 cinis
216 2323 245 2379 in
259 2321 350 2380 tisana
362 2321 558 2399 decoctarum,
574 2331 603 2382 et
613 2341 666 2402 per
683 2341 716 2382 se
732 2323 895 2383 inlinuntur.
922 2323 1003 2383 canis
1014 2322 1123 2384 rabiosi
1132 2338 1156 2381 2⁵

127 2405 272 2466 calvariae
297 2405 368 2465 cinis
392 2406 501 2484 potioni
523 2407 708 2486 inspergitur.
740 2406 912 2467 lumborum
930 2406 1025 2467 dolori
1038 2405 1124 2467 stelio

126 2489 330 2550 transmarinus
349 2491 444 2568 capite
460 2489 555 2552 ablato
572 2500 602 2551 et
616 2491 758 2551 intestinis
774 2490 913 2551 decoctus
928 2492 957 2550 in
976 2491 1044 2551 vino
1061 2507 1124 2551 cunr

124 2573 281 2654 papaveris
296 2575 371 2651 nigri
390 2573 488 2634 denari
505 2575 634 2653 pondere
651 2574 767 2634 dimidio
791 2592 828 2635 eo
850 2592 922 2635 suco
939 2573 1054 2635 bibitur.
1084 2573 1123 2634 la·

125 2667 224 2718 certae
237 2656 345 2719 virides
360 2656 468 2719 decisis
484 2657 605 2736 pedibus
621 2667 649 2718 et
665 2660 760 2737 capite
775 2661 804 2719 in
817 2659 883 2718 cibo
900 2666 1058 2735 sumuntur,
1075 2675 1123 2718 co·

125 2742 207 2802 cleae
220 2750 280 2801 tres
295 2743 436 2802 contritae
447 2760 510 2802 cum
521 2744 603 2803 testis
616 2743 675 2802 suis
687 2752 773 2821 atque
785 2745 814 2802 in
825 2744 892 2802 vino
907 2740 1049 2802 decoctae
1061 2758 1156 2802 comto

84 2834 119 2891 54
131 2825 243 2903 piperis
258 2828 355 2899 granis
366 2825 430 2886 XV.
459 2826 584 2904 Aquilae
596 2824 689 2904 pedes
700 2825 829 2886 evellunt
844 2827 872 2885 in
884 2843 1018 2886 aversum
1033 2843 1051 2886 a
1065 2823 1123 2886 sul·

124 2908 237 2984 fragino
258 2909 297 2967 ita
319 2917 349 2967 ut
371 2908 473 2969 dexter
493 2909 631 2970 dexterae
658 2911 747 2987 partis
769 2909 919 2970 doloribus
939 2907 1121 2987 adalligetur,

83 3013 114 3055 as,
128 3011 161 3046 ns
179 2992 294 3051 sinister
309 2991 422 3052 laevae.
450 2992 604 3071 multipeda
617 3010 743 3072 quoque,
760 3010 844 3071 qnam
858 2994 980 3054 oniscon
993 2990 1121 3072 appella·
1189 3050 1192 3061 ,

123 3076 226 3151 vimus,
241 3074 372 3135 medetur
389 3076 486 3137 denari
501 3076 632 3154 pondere
650 3094 688 3135 ex
709 3078 767 3136 vini
788 3076 899 3152 cyathis
914 3076 1026 3137 duobus
1043 3083 1121 3154 pota.

123 3177 252 3219 vermem
266 3167 411 3220 terrenum
427 3159 525 3220 catillo
542 3160 641 3236 ligneo
661 3169 727 3221 ante
744 3162 813 3220 lisso
830 3170 860 3221 et
874 3160 954 3221 ferro
967 3161 1064 3220 vincto
1081 3159 1153 3217 inas

124 3245 249 3323 positum
263 3261 337 3324 aqua
353 3252 477 3323 excepta
495 3244 668 3320 perfundere
690 3254 718 3304 et
740 3244 881 3305 defodere
895 3245 971 3305 unde
985 3241 1121 3304 effoderis

123 3326 200 3404 Magi
223 3325 337 3403 iubent,
362 3344 430 3387 mox
452 3345 554 3405 aquam
575 3327 677 3389 bibere
695 3329 811 3406 catillo,
834 3329 905 3387 mire
929 3327 957 3388 id
981 3325 1121 3407 prodesse

123 3409 287 3474 ischiadicis
303 3411 492 3472 adfirmantes.

1187 3454 1194 3671 Ι
