2400 3840
337 179 417 226 nnn.
433 179 524 228 11111.
540 179 641 232 xxrn.
665 168 688 226 1.
708 168 860 247 (aa-as.)
1062 173 1096 231 11

94 351 171 392 muru
193 335 336 410 sentiant,
369 334 571 410 dysintericis,
598 333 782 394 sudatoribus
808 334 932 411 elonga
956 336 1045 412 tussi,
1071 338 1100 396 in

96 416 249 495 epiphoris
274 435 426 478 meracum.
469 417 608 478 cardiacis
633 419 662 476 in
690 434 807 477 mamma
831 417 916 479 laeva
940 436 1049 478 merum
1068 422 1143 484 11111

95 518 229 579 spongea
257 503 357 580 inponi
390 500 527 579 prodest,
559 500 594 560 ad
624 503 717 561 omnia
738 510 833 561 autem
854 519 984 562 maxume
1006 501 1101 561 album

94 584 326 644 inveterascens.
359 584 470 645 utiliter
485 593 515 646 et
530 584 647 644 fovetur
661 586 730 644 vino
746 583 839 646 calido
857 585 977 645 virilitas
992 587 1099 645 iumen·

70 669 153 743 stis,
182 668 280 728 inluso
300 685 391 728 cornu
411 668 610 729 lassitudinem
630 668 754 744 auferri,
776 670 872 728 simias
894 668 1098 746 quadripedes-

96 768 153 830 que
169 751 274 829 quibus
291 752 373 829 digiti
391 760 457 811 sunt
472 761 580 829 negant
600 771 738 813 crescere
753 752 888 813 adsuetas
903 753 974 811 meri
993 760 1072 831 potu.

158 834 241 913 (24.)
270 833 353 895 Nunc
375 836 452 895 circa
474 836 671 912 aegritudines
695 853 791 897 sermo
805 836 841 896 de
858 837 932 895 vinis
949 838 1013 896 erit.
1046 833 1141 900 81115

93 917 282 979 luberrimum
297 917 461 979 liberaliter
472 921 580 996 genitis
596 916 767 997 Campaniae
779 921 978 998 quodcumque
991 920 1099 979 tenuis·

94 1003 213 1077 simum,
234 1001 323 1080 volgo
345 1021 419 1062 vero
441 1003 518 1079 quod
536 1020 677 1081 quemque
696 1021 826 1063 maxume
841 1005 947 1063 iuverit
965 1003 1097 1064 validum.

56 1085 277 1146 inutilissimum
302 1085 433 1146 omnibus
456 1103 542 1148 sacco
560 1087 670 1147 viribus
685 1087 793 1146 lractis.
823 1087 1036 1147 meminerimus
1054 1106 1099 1145 su-

93 1187 158 1229 cum
182 1187 250 1229 esse
273 1171 320 1247 qui
343 1169 486 1230 fervendo
509 1171 580 1229 viris
602 1178 734 1230 ernusto
757 1170 813 1230 sibi
836 1171 950 1230 lecerit.
981 1171 1097 1230 misceri

93 1251 176 1331 plura
190 1271 300 1328 genera
314 1253 445 1314 omnibus
456 1253 566 1313 inutile.
594 1250 813 1314 saluberrimum
824 1255 869 1313 cui
882 1253 952 1313 nihil
965 1255 994 1313 in
1005 1261 1097 1313 musta

92 1334 218 1396 additum
240 1345 302 1412 est,
331 1337 509 1415 meliusque,
538 1338 563 1397 si
583 1355 639 1396 nec
657 1338 734 1396 vasis
757 1338 807 1414 pix
824 1335 921 1396 adluit.
955 1354 1096 1396 marmore

95 1420 171 1477 euim
194 1427 225 1478 et
249 1437 345 1498 gypso
368 1427 416 1480 aut
442 1419 522 1479 calce
540 1420 658 1480 condita
679 1421 743 1497 quis
764 1435 822 1480 nou
838 1427 868 1479 et
882 1418 992 1478 validus
1009 1436 1096 1496 expa-

57 1516 84 1556 11
94 1499 190 1562 veriti
218 1505 247 1561 in
269 1504 368 1581 primis
383 1505 472 1581 igilur
488 1505 584 1562 vinum
598 1504 705 1563 marina
720 1521 792 1580 aqua
810 1505 915 1563 iactum
930 1500 1032 1561 inutile
1048 1511 1094 1561 est
1104 1515 1139 1568 46

96 1584 264 1662 stomacho,
280 1588 396 1663 nervis,
412 1588 538 1647 vesicae.
568 1588 666 1646 resina
682 1587 797 1646 condita
812 1586 924 1664 frigidis
940 1585 1094 1645 stomachis

93 1668 175 1729 utilia
193 1671 409 1746 existimantur,
433 1687 491 1730 non
509 1671 650 1749 expedire
665 1670 887 1746 vomitionibus,
910 1671 984 1730 sicut
999 1687 1094 1747 neque

92 1759 216 1813 mustum
230 1771 327 1832 neque
342 1771 411 1832 sapa
425 1772 520 1833 neque
535 1772 658 1832 passum.
690 1754 834 1813 novicium
849 1755 1007 1814 resinatum
1024 1753 1094 1813 nulli

93 1835 247 1911 conducit,
275 1838 378 1915 capitis
399 1836 531 1898 dolorem
549 1846 579 1897 et
601 1838 763 1913 vertigines
780 1837 866 1913 facit,
892 1838 927 1897 ab
948 1837 1003 1896 hoc
1019 1836 1095 1897 dicta

54 1919 212 1997 cocrapula
233 1928 287 1979 est.
320 1921 510 1980 tussientibus
535 1930 565 1980 et
587 1923 617 1979 in
638 1920 842 1980 rheumatismo
867 1922 1010 1980 nominata
1029 1939 1096 1999 pro·

94 2010 177 2079 sunt,
201 2003 271 2062 item
285 2003 423 2064 coeliacis
442 2012 473 2064 et
488 2003 691 2080 dysintericis,
713 2003 864 2064 mulierum
879 2003 1035 2063 mensibus.
1066 2005 1095 2063 in

93 2085 150 2144 boc
180 2103 292 2162 genere
319 2087 435 2146 rubrum
461 2089 611 2163 nigrumve
633 2088 726 2164 magis
749 2089 923 2164 constringit
944 2088 1094 2165 magisque

94 2168 236 2228 calefacit.
260 2171 442 2231 innocentius
460 2172 526 2249 pice
547 2171 609 2230 sola
628 2171 780 2231 conditum.
813 2171 912 2231 sedet
929 2172 1023 2249 picem
1037 2187 1095 2229 me·

93 2254 212 2311 minisse
240 2252 379 2313 debemus
405 2272 463 2313 non
489 2253 564 2313 aliud
590 2273 657 2314 esse
685 2272 767 2332 quam
789 2255 957 2315 combustae
979 2254 1094 2313 resinae

55 2334 208 2395 refluxum.
240 2334 303 2395 Hoc
326 2355 418 2413 genus
436 2339 495 2397 vini
514 2337 682 2413 excalfacit,
704 2340 876 2416 concoquit,
899 2345 1020 2418 purgat,
1042 2347 1136 2415 pell

92 2419 185 2495 ctori,
204 2421 298 2479 ventri
315 2419 402 2496 utile,
422 2422 492 2481 item
508 2421 657 2482 volvarum
673 2421 787 2497 dolori,
806 2423 829 2481 si
847 2424 911 2482 sine
928 2421 1011 2481 lehre
1027 2422 1095 2496 sint,

92 2503 189 2562 veteri
205 2502 425 2581 rheumatismo,
449 2505 676 2581 exulcerationi,
696 2507 807 2582 ruptis,
823 2503 990 2576 convolsis,
1005 2504 1095 2562 vomi-

93 2587 153 2661 cis,
173 2603 328 2645 nervornm
342 2587 510 2664 infirmitati,
527 2587 734 2663 inllationibus,
751 2588 834 2663 tussi,
851 2585 1094 2661 anhelationibus,

93 2668 201 2728 luxatis
228 2671 257 2729 in
280 2670 379 2730 sucida
402 2670 466 2731 lana
490 2672 654 2748 inpositum.
684 2669 718 2729 ad
739 2672 832 2729 omnia
854 2668 927 2729 lraec
948 2667 1045 2728 utilius
1066 2668 1096 2729 id

56 2751 173 2830 eoquod
193 2760 298 2830 sponte
321 2762 440 2816 naturae
456 2772 526 2815 suae
542 2755 636 2833 picem
653 2754 756 2831 resipit
771 2755 953 2831 picatumque
969 2748 1096 2831 appella·

94 2845 141 2895 tur
159 2834 313 2896 Helvetico
336 2838 365 2897 in
382 2855 472 2915 agro,
493 2856 550 2915 qno
566 2845 662 2898 tamen
678 2837 766 2897 nimio
781 2844 866 2915 caput
877 2839 1012 2915 temptari
1028 2854 1095 2895 con-

94 2921 183 2979 venit.
219 2918 296 2995 quod
318 2920 354 2979 ad
377 2921 501 2982 lebrium
517 2920 689 2982 valitudines
713 2923 815 2982 attinet
836 2930 946 2981 certum
969 2929 1015 2980 est
1035 2931 1138 2983 1111118

94 3001 216 3062 dandum
241 3004 270 3061 in
298 3003 375 3063 iebri
401 3006 456 3065 nisi
483 3002 634 3066 veteribus
655 3007 752 3082 aegris
775 3024 830 3065 nec
852 3006 907 3064 nisi
932 3003 1094 3064 declinante

94 3085 216 3162 morbo,
238 3086 267 3144 in
283 3088 374 3147 acutis
390 3087 461 3148 vcro
476 3088 614 3167 periculis
630 3087 715 3149 nullis
732 3091 785 3148 nisi
803 3090 850 3166 qui
868 3088 1034 3148 manifestas
1050 3104 1096 3145 re-

57 3178 85 3220 ³⁵
95 3170 251 3229 missiones
275 3169 415 3248 habeant,
445 3180 476 3232 et
497 3172 547 3232 has
564 3180 651 3232 noctu
666 3173 780 3249 potius,
807 3171 919 3233 dimidia
936 3173 1011 3232 euim
1028 3186 1094 3246 pars

95 3251 220 3330 periculi
242 3260 288 3313 cst
310 3264 413 3331 noctu,
442 3256 497 3316 hoc
519 3264 565 3316 est
585 3273 638 3334 spe
657 3257 768 3331 somni,
793 3255 979 3330 bibentibus,
1004 3268 1094 3311 neca

96 3343 181 3413 partu
204 3334 347 3398 abortuve
368 3357 423 3399 nec
444 3356 461 3399 a
478 3338 598 3401 libidine
613 3339 850 3416 aegrotantibus,
877 3356 931 3398 uec
947 3339 976 3396 in
991 3334 1094 3412 capitis

96 3417 261 3496 doloribus,
275 3437 331 3480 nec
344 3439 465 3499 quorum
480 3425 667 3486 accessiones
682 3439 745 3494 cum
758 3423 869 3499 frigore
883 3420 1095 3481 extremitatum
