2400 3840
318 219 398 268 nnn.
416 221 508 270 rursu.
529 221 626 269 xxxr.
643 218 675 273 t.
688 220 713 273 a.
730 209 880 288 (trust.)
1034 210 1096 272 277

96 370 226 449 adparet.
275 390 406 433 maxume
433 374 578 435 tamenin
609 375 700 436 sacris
727 375 903 452 intellegitur
929 378 1094 453 auctoritas,

96 455 209 532 quando
225 455 302 516 nulla
321 457 509 517 conficiuntur
525 458 587 518 sine
600 458 677 519 mola
696 458 781 519 salsa.

159 537 242 618 (42.)
266 538 424 600 Salinarum
442 541 592 601 sinceritas
607 560 742 603 summam
757 542 829 601 iecit
851 559 930 601 suam
953 541 1088 601 differen-
1102 553 1138 608 90

93 624 160 682 tiam
174 622 312 698 quandam
324 622 451 684 favillam
464 624 533 685 salis
547 641 622 702 quae
635 626 781 686 levissima
792 642 830 684 ex
842 641 877 684 eo
890 632 935 684 est
951 633 981 684 et
998 623 1093 684 candi-

69 724 81 764 s
95 704 220 766 dissima.
241 705 404 784 appellatur
416 715 446 766 et
457 708 513 768 dos
527 708 596 768 salis
608 711 636 768 in
649 718 739 769 totum
751 708 923 768 diversares
935 707 1094 767 umidioris·

94 807 150 866 que
167 797 286 849 naturae
313 798 341 849 et
363 791 463 850 crocei
486 790 594 850 coloris
616 801 665 851 aut
684 793 754 868 ruli,
776 791 864 851 veluti
885 790 991 867 robigo
1014 790 1092 867 salis,
1141 805 1152 834 ¹

93 872 184 932 odore
203 888 317 951 quoque
335 873 448 950 ingrato
465 892 517 933 ceu
533 876 597 950 gari
611 875 783 935 dissentiens
799 893 815 935 a
832 874 909 950 sale,
931 891 990 933 non
1006 873 1093 934 modo

92 974 108 1015 a
122 973 232 1034 spuma.
265 955 419 1034 Aegyptus
434 958 556 1035 invenit,
573 958 743 1036 videturque
758 958 825 1018 Nilo
843 957 967 1034 deferri,
985 966 1015 1016 et
1028 956 1093 1016 ion·

91 1039 167 1099 tibus
188 1048 282 1099 tamen
305 1039 472 1117 quibusdam
492 1041 608 1102 innatat.
647 1051 792 1120 optumum
813 1059 850 1100 ex
872 1058 908 1101 eo
931 1041 1006 1119 quod
1030 1039 1089 1100 olei
1100 1050 1132 1104 91

57 1139 82 1180 ro
94 1122 233 1200 quandam
246 1122 471 1200 pinguitudinem
483 1122 586 1203 reddit.
613 1133 659 1183 est
673 1127 748 1183 enim
763 1125 848 1184 etiam
862 1126 891 1183 in
903 1125 965 1184 sale
982 1125 1094 1203 pingui-

92 1205 179 1280 tudo,
198 1204 275 1282 quod
289 1207 432 1265 miremur.
457 1205 634 1267 adulteratur
654 1215 747 1267 autem
768 1208 964 1285 tinguiturque
978 1207 1092 1266 rubrica

92 1296 139 1347 aut
156 1288 326 1366 plerumque
348 1296 422 1350 testa
440 1289 522 1364 trita,
544 1292 591 1367 qui
609 1290 692 1349 iocus
710 1306 784 1368 aqua
805 1289 1031 1367 deprehenditur
1051 1289 1092 1348 di-

92 1371 189 1431 luente
206 1371 351 1430 iacticium
366 1371 512 1448 colorem,
529 1391 591 1432 cnm
604 1391 691 1432 verus
707 1372 757 1432 illc
773 1373 899 1432 nou'nisi
915 1372 982 1433 oleo
998 1371 1092 1430 resol-

92 1461 174 1513 vatur
193 1461 222 1513 et
249 1455 431 1531 unguentarii
454 1464 574 1534 propter
596 1456 725 1516 colorem
751 1473 787 1515 eo
816 1473 947 1514 maxume
968 1462 1092 1513 utantur.

58 1555 83 1594 rs
93 1536 195 1597 canitia
210 1537 239 1595 in
254 1538 332 1597 vasis
349 1555 456 1597 summa
473 1547 533 1616 est,
549 1539 642 1599 media
656 1556 729 1599 vero
742 1556 809 1616 pars
821 1536 960 1613 umidior,
975 1547 1007 1597 ut
1021 1537 1091 1596 dixi·
1112 1555 1136 1591 oo

91 1637 161 1679 mus.
193 1618 297 1679 Floria
308 1629 407 1682 natura
424 1639 543 1701 aspera,
561 1622 786 1697 excalfactoria,
807 1622 956 1682 stomacho
972 1620 1088 1697 inutilis,
1100 1630 1135 1686 92

91 1702 226 1763 sudorem
250 1703 321 1781 ciet,
343 1703 439 1765 alvom
455 1705 541 1766 solvit
559 1707 588 1765 iu
602 1707 669 1766 vino
692 1714 721 1765 et
742 1723 833 1782 aqua,
854 1705 954 1783 acopis
972 1713 1000 1763 et
1015 1721 1091 1763 nme·

92 1787 174 1847 cticis
192 1787 277 1846 utilis.
311 1788 435 1849 detrahit
446 1799 475 1849 et
488 1808 525 1849 ex
543 1789 692 1868 palpebris
705 1789 781 1868 pilos
793 1789 1006 1850 efficacissime.
1032 1786 1091 1847 iae-

92 1887 142 1930 ces
158 1873 373 1947 concutiuntur,
392 1881 421 1931 nt
437 1874 517 1934 croci
533 1874 615 1934 color
631 1873 739 1933 redeat.
766 1872 887 1932 Praeter
902 1870 975 1931 haec
992 1871 1091 1939 etiam·

56 1971 155 2018 conum
175 1954 379 2034 appellatorio
396 1955 495 2017 saliuis
511 1956 644 2033 salsugo,
663 1955 699 2014 ab
714 1955 777 2014 aliis
794 1955 951 2030 salsilago,
973 1962 1033 2013 tota
1058 1952 1091 2010 li·

91 2035 192 2114 quida,
211 2037 318 2097 marina
336 2055 409 2115 aqua
427 2038 547 2113 salsior,
562 2040 590 2098 vi
606 2038 723 2098 distans.

153 2118 237 2197 (43.)
260 2119 346 2181 Aliud
363 2123 516 2181 etiamnum
534 2121 654 2201 liquoris
671 2120 805 2199 exquisiti
818 2138 925 2197 genus,
942 2118 1022 2197 quod
1038 2136 1088 2195 ga·
1099 2127 1135 2182 93

90 2220 151 2262 rum
171 2219 336 2280 vocavere,
353 2205 496 2265 intestinis
512 2206 634 2284 piscium
655 2205 822 2282 ceterisque
845 2221 919 2281 quac
940 2201 1091 2263 abicienda

91 2293 192 2345 esseut
208 2286 270 2346 sale
285 2289 452 2364 maceratis,
470 2298 501 2349 ut
516 2290 553 2350 sit
568 2289 617 2349 illa
639 2289 864 2367 putrescentium
886 2287 991 2348 sanies.
1034 2285 1092 2344 hoc

56 2368 160 2429 osolim
182 2370 388 2431 conficiebatur
415 2390 452 2432 ex
478 2373 560 2452 pisce
585 2391 671 2451 quem
695 2371 798 2433 Graeci
820 2388 911 2449 garon
935 2368 1091 2445 vocabant,

92 2454 186 2530 capite
199 2455 262 2513 eius
273 2463 338 2514 usto
346 2454 442 2514 suititu
454 2456 565 2515 extrahi
578 2456 720 2514 secundas
731 2462 933 2513 monstrantes.
972 2452 1001 2512 8.
1013 2470 1087 2511 nunc
1098 2461 1134 2516 94

91 2554 108 2594 e
129 2534 264 2595 scombro
280 2538 362 2615 pisce
378 2536 599 2597 laudatissimum
615 2538 643 2596 in
661 2535 844 2613 Carthaginis
861 2535 1020 2614 spartariae
1041 2552 1089 2594 cc-

90 2617 187 2693 tariis‚
204 2619 350 2678 sociorum
365 2619 392 2677 id
410 2619 587 2698 appellatur,
603 2619 724 2697 singulis
738 2619 851 2679 milibus
868 2636 1009 2678 nummum
1024 2635 1089 2695 per·

90 2699 261 2761 mutantibus
277 2702 401 2777 congios
412 2702 482 2762 iere
501 2702 595 2763 binos.
627 2721 682 2764 nec
698 2703 794 2781 liquor
806 2702 881 2762 ullus
896 2720 989 2780 paene
1004 2718 1089 2779 prae·

56 2791 135 2844 soter
148 2792 292 2858 unguenta
312 2786 423 2845 maiore
443 2786 472 2845 in
494 2787 588 2864 pretio
615 2805 682 2846 esse
707 2788 804 2865 coepit
825 2784 982 2845 nobilitatis
1004 2785 1088 2844 etiam

89 2865 234 2943 gentibus.
268 2867 423 2929 scombros
442 2870 556 2948 quidem
576 2879 604 2929 ct
620 2868 796 2930 blauretania
812 2867 1005 2947 Baeticaeque
1018 2866 1087 2927 Car·

89 2950 146 3010 teia
162 2968 200 3010 ex
215 2969 326 3014 oceano
341 2955 471 3016 intrantis
488 2954 604 3031 capiunt
625 2952 660 3013 ad
675 2951 744 3012 nihil
760 2951 835 3012 aliud
851 2951 938 3011 utilis.
970 2951 1087 3011 laudan·

89 3042 134 3092 tur
152 3043 181 3093 et
202 3031 394 3099 Clazomenae
418 3056 490 3116 garo
513 3037 690 3116 Pompeique
713 3045 742 3096 et
761 3035 875 3116 heptis,
901 3037 975 3094 sicut
996 3032 1087 3091 muria

90 3116 236 3196 Antipolis
252 3138 286 3180 ac
301 3120 417 3198 Thurii,
433 3123 488 3181 iam
505 3138 576 3181 vero
596 3130 625 3180 et
640 3119 791 3180 Delmatia.

54 3216 81 3259 as
151 3202 236 3279 (44.)
256 3204 362 3264 Vitium
376 3201 459 3263 huius
475 3212 520 3263 est
537 3203 631 3281 allex,
646 3203 808 3282 inperfecta
822 3220 877 3261 neo
894 3201 989 3261 colata
1004 3197 1081 3258 faex.
1095 3208 1129 3262 95

91 3286 289 3362 coepittamen
300 3293 332 3344 et·
340 3285 471 3363 privatim
479 3304 516 3344 ex
528 3287 617 3346 inutili
629 3286 771 3366 pisciculo
782 3287 964 3363 miuumoque
972 3283 1086 3342 confici.

90 3384 191 3444 apuam
204 3369 307 3446 nostri,
328 3367 443 3447 aphyen
457 3367 560 3429 Graeci
576 3379 693 3446 vocant,
717 3370 849 3447 quoniam
862 3368 887 3426 is
901 3364 1059 3446 pisciculus
1071 3383 1088 3425 e

88 3448 185 3528 pluvia
193 3460 336 3514 nascatur.
350 3451 568 3513 Foroiulienses
578 3454 687 3533 piscem
695 3471 733 3512 ex
741 3469 798 3530 quo
810 3451 918 3512 iaciunt
930 3451 1092 3526 lupumaq-
