<?xml version="1.0" encoding="UTF-8"?>
<!DOCTYPE html PUBLIC "-//W3C//DTD XHTML 1.0 Transitional//EN"
    "http://www.w3.org/TR/xhtml1/DTD/xhtml1-transitional.dtd">
<html xmlns="http://www.w3.org/1999/xhtml" xml:lang="en" lang="en">
 <head>
  <title>
</title>
<meta http-equiv="Content-Type" content="text/html;charset=utf-8" />
  <meta name='ocr-system' content='tesseract 3.04.00' />
  <meta name='ocr-capabilities' content='ocr_page ocr_carea ocr_par ocr_line ocrx_word'/>
</head>
<body>
  <div class='ocr_page' id='page_1' title='image "./cplinisecundina06plingoog_0287.png"; bbox 0 0 2400 3840; ppageno 0'>
   <div class='ocr_carea' id='block_1_1' title="bbox 128 170 784 231">
    <p class='ocr_par' dir='ltr' id='par_1_1' title="bbox 128 170 784 231">
     <span class='ocr_line' id='line_1_1' title="bbox 128 170 784 231; baseline -0.002 0"><span class='ocrx_word' id='word_1_1' title='bbox 128 170 189 231; x_wconf 79' lang='lat'><strong>212</strong></span> <span class='ocrx_word' id='word_1_2' title='bbox 478 182 507 230; x_wconf 87' lang='lat' dir='ltr'><strong>c.</strong></span> <span class='ocrx_word' id='word_1_3' title='bbox 525 183 620 230; x_wconf 81' lang='lat' dir='ltr'><strong>rurus</strong></span> <span class='ocrx_word' id='word_1_4' title='bbox 634 181 784 231; x_wconf 77' lang='lat' dir='ltr'><strong>secunus</strong></span> 
     </span>
    </p>
   </div>
   <div class='ocr_carea' id='block_1_2' title="bbox 85 335 1123 668">
    <p class='ocr_par' dir='ltr' id='par_1_2' title="bbox 85 335 1123 668">
     <span class='ocr_line' id='line_1_2' title="bbox 85 335 1122 416; baseline 0.001 -14"><span class='ocrx_word' id='word_1_5' title='bbox 85 349 117 402; x_wconf 77' lang='lat'><strong>³1</strong></span> <span class='ocrx_word' id='word_1_6' title='bbox 132 339 279 397; x_wconf 78' lang='lat' dir='ltr'><strong>contunsis</strong></span> <span class='ocrx_word' id='word_1_7' title='bbox 296 335 536 416; x_wconf 89' lang='lat' dir='ltr'><strong>tumentibusque.</strong></span> <span class='ocrx_word' id='word_1_8' title='bbox 568 337 672 397; x_wconf 91' lang='lat' dir='ltr'><strong>balitus</strong></span> <span class='ocrx_word' id='word_1_9' title='bbox 693 354 811 415; x_wconf 87' lang='lat' dir='ltr'><strong>quoqne</strong></span> <span class='ocrx_word' id='word_1_10' title='bbox 831 338 890 398; x_wconf 92' lang='lat' dir='ltr'><strong>oris</strong></span> <span class='ocrx_word' id='word_1_11' title='bbox 914 339 1063 415; x_wconf 74' lang='lat' dir='ltr'><strong>gratiores</strong></span> <span class='ocrx_word' id='word_1_12' title='bbox 1080 341 1122 404; x_wconf 87' lang='lat' dir='ltr'><strong>fa·</strong></span> 
     </span>
     <span class='ocr_line' id='line_1_3' title="bbox 128 420 1123 498; baseline 0.004 -17"><span class='ocrx_word' id='word_1_13' title='bbox 128 439 196 481; x_wconf 88' lang='lat' dir='ltr'><strong>cere</strong></span> <span class='ocrx_word' id='word_1_14' title='bbox 224 421 342 481; x_wconf 76' lang='lat' dir='ltr'>traditur</span> <span class='ocrx_word' id='word_1_15' title='bbox 372 421 537 480; x_wconf 88' lang='lat' dir='ltr'><strong>confricatis</strong></span> <span class='ocrx_word' id='word_1_16' title='bbox 567 420 699 480; x_wconf 83' lang='lat' dir='ltr'><strong>dentibus</strong></span> <span class='ocrx_word' id='word_1_17' title='bbox 727 430 813 497; x_wconf 88' lang='lat' dir='ltr'><strong>atque</strong></span> <span class='ocrx_word' id='word_1_18' title='bbox 839 423 963 498; x_wconf 82' lang='lat' dir='ltr'><strong>gingivis</strong></span> <span class='ocrx_word' id='word_1_19' title='bbox 993 423 1123 485; x_wconf 85' lang='lat' dir='ltr'><strong>admixto</strong></span> 
     </span>
     <span class='ocr_line' id='line_1_4' title="bbox 127 504 1122 584; baseline 0.005 -20"><span class='ocrx_word' id='word_1_20' title='bbox 127 505 224 564; x_wconf 91' lang='lat' dir='ltr'><strong>melle.</strong></span> <span class='ocrx_word' id='word_1_21' title='bbox 254 504 374 584; x_wconf 93' lang='lat' dir='ltr'><strong>prodest</strong></span> <span class='ocrx_word' id='word_1_22' title='bbox 389 513 417 563; x_wconf 91' lang='lat' dir='ltr'><strong>et</strong></span> <span class='ocrx_word' id='word_1_23' title='bbox 433 504 609 582; x_wconf 80' lang='lat' dir='ltr'>phreneticis</span> <span class='ocrx_word' id='word_1_24' title='bbox 624 504 730 563; x_wconf 88' lang='lat' dir='ltr'><strong>suffitu.</strong></span> <span class='ocrx_word' id='word_1_25' title='bbox 760 506 927 581; x_wconf 80' lang='lat' dir='ltr'><strong>sauguinem</strong></span> <span class='ocrx_word' id='word_1_26' title='bbox 950 506 978 565; x_wconf 88' lang='lat' dir='ltr'><strong>in</strong></span> <span class='ocrx_word' id='word_1_27' title='bbox 1001 507 1122 569; x_wconf 91' lang='lat' dir='ltr'><strong>naribus</strong></span> 
     </span>
     <span class='ocr_line' id='line_1_5' title="bbox 127 586 1122 668; baseline 0.004 -20"><span class='ocrx_word' id='word_1_28' title='bbox 127 588 201 648; x_wconf 91' lang='lat' dir='ltr'><strong>sistit</strong></span> <span class='ocrx_word' id='word_1_29' title='bbox 215 607 277 647; x_wconf 92' lang='lat' dir='ltr'><strong>cum</strong></span> <span class='ocrx_word' id='word_1_30' title='bbox 290 588 357 648; x_wconf 92' lang='lat' dir='ltr'><strong>oleo</strong></span> <span class='ocrx_word' id='word_1_31' title='bbox 373 605 508 662; x_wconf 89' lang='lat' dir='ltr'><strong>rosaceo,</strong></span> <span class='ocrx_word' id='word_1_32' title='bbox 524 596 554 647; x_wconf 91' lang='lat' dir='ltr'><strong>et</strong></span> <span class='ocrx_word' id='word_1_33' title='bbox 569 587 626 646; x_wconf 92' lang='lat' dir='ltr'><strong>alio</strong></span> <span class='ocrx_word' id='word_1_34' title='bbox 641 587 727 646; x_wconf 89' lang='lat' dir='ltr'><strong>modo</strong></span> <span class='ocrx_word' id='word_1_35' title='bbox 743 586 828 646; x_wconf 91' lang='lat' dir='ltr'><strong>indita</strong></span> <span class='ocrx_word' id='word_1_36' title='bbox 844 588 960 648; x_wconf 91' lang='lat' dir='ltr'><strong>auribus</strong></span> <span class='ocrx_word' id='word_1_37' title='bbox 977 593 1122 668; x_wconf 73' lang='lat' dir='ltr'><strong>opturatis</strong></span> 
     </span>
    </p>
   </div>
   <div class='ocr_carea' id='block_1_3' title="bbox 81 669 1176 3497">
    <p class='ocr_par' dir='ltr' id='par_1_3' title="bbox 81 669 1176 3497">
     <span class='ocr_line' id='line_1_6' title="bbox 127 669 1145 750; baseline 0.007 -21"><span class='ocrx_word' id='word_1_38' title='bbox 127 672 258 748; x_wconf 83' lang='lat' dir='ltr'><strong>spissius.</strong></span> <span class='ocrx_word' id='word_1_39' title='bbox 290 674 357 750; x_wconf 93' lang='lat' dir='ltr'><strong>quin</strong></span> <span class='ocrx_word' id='word_1_40' title='bbox 385 680 415 729; x_wconf 89' lang='lat' dir='ltr'><strong>et</strong></span> <span class='ocrx_word' id='word_1_41' title='bbox 439 669 584 729; x_wconf 85' lang='lat' dir='ltr'><strong>ulceribus</strong></span> <span class='ocrx_word' id='word_1_42' title='bbox 612 671 733 730; x_wconf 86' lang='lat' dir='ltr'><strong>vetustis</strong></span> <span class='ocrx_word' id='word_1_43' title='bbox 758 672 903 750; x_wconf 87' lang='lat' dir='ltr'><strong>inponitur</strong></span> <span class='ocrx_word' id='word_1_44' title='bbox 931 689 995 732; x_wconf 91' lang='lat' dir='ltr'><strong>cum</strong></span> <span class='ocrx_word' id='word_1_45' title='bbox 1019 674 1145 737; x_wconf 72' lang='lat' dir='ltr'><strong>melles</strong></span> 
     </span>
     <span class='ocr_line' id='line_1_7' title="bbox 126 753 1123 834; baseline 0.005 -21"><span class='ocrx_word' id='word_1_46' title='bbox 126 754 246 815; x_wconf 86' lang='lat' dir='ltr'><strong>volnera</strong></span> <span class='ocrx_word' id='word_1_47' title='bbox 267 773 305 813; x_wconf 84' lang='lat' dir='ltr'><strong>ex</strong></span> <span class='ocrx_word' id='word_1_48' title='bbox 319 756 386 814; x_wconf 92' lang='lat' dir='ltr'><strong>vino</strong></span> <span class='ocrx_word' id='word_1_49' title='bbox 403 753 451 811; x_wconf 91' lang='lat' dir='ltr'><strong>vel</strong></span> <span class='ocrx_word' id='word_1_50' title='bbox 466 763 551 812; x_wconf 90' lang='lat' dir='ltr'><strong>aceto</strong></span> <span class='ocrx_word' id='word_1_51' title='bbox 569 754 616 812; x_wconf 89' lang='lat' dir='ltr'><strong>vel</strong></span> <span class='ocrx_word' id='word_1_52' title='bbox 628 771 701 832; x_wconf 90' lang='lat' dir='ltr'><strong>aqua</strong></span> <span class='ocrx_word' id='word_1_53' title='bbox 722 753 825 830; x_wconf 81' lang='lat' dir='ltr'><strong>frigida</strong></span> <span class='ocrx_word' id='word_1_54' title='bbox 848 764 877 814; x_wconf 90' lang='lat' dir='ltr'><strong>et</strong></span> <span class='ocrx_word' id='word_1_55' title='bbox 891 755 960 814; x_wconf 89' lang='lat' dir='ltr'><strong>oleo</strong></span> <span class='ocrx_word' id='word_1_56' title='bbox 975 774 1123 834; x_wconf 85' lang='lat' dir='ltr'><strong>expressa</strong></span> 
     </span>
     <span class='ocr_line' id='line_1_8' title="bbox 83 836 1122 913; baseline -0.001 -11"><span class='ocrx_word' id='word_1_57' title='bbox 83 850 118 904; x_wconf 75' lang='lat' dir='ltr'><strong>ab</strong></span> <span class='ocrx_word' id='word_1_58' title='bbox 129 846 221 897; x_wconf 91' lang='lat' dir='ltr'><strong>sanat.</strong></span> <span class='ocrx_word' id='word_1_59' title='bbox 246 839 345 897; x_wconf 91' lang='lat' dir='ltr'><strong>arietis</strong></span> <span class='ocrx_word' id='word_1_60' title='bbox 356 836 468 895; x_wconf 90' lang='lat' dir='ltr'><strong>vellera</strong></span> <span class='ocrx_word' id='word_1_61' title='bbox 485 837 544 897; x_wconf 91' lang='lat' dir='ltr'><strong>luta</strong></span> <span class='ocrx_word' id='word_1_62' title='bbox 559 837 663 913; x_wconf 83' lang='lat' dir='ltr'><strong>frigida</strong></span> <span class='ocrx_word' id='word_1_63' title='bbox 686 856 723 896; x_wconf 86' lang='lat' dir='ltr'><strong>ex</strong></span> <span class='ocrx_word' id='word_1_64' title='bbox 742 838 809 897; x_wconf 90' lang='lat' dir='ltr'><strong>oleo</strong></span> <span class='ocrx_word' id='word_1_65' title='bbox 830 837 990 898; x_wconf 86' lang='lat' dir='ltr'><strong>madefacta</strong></span> <span class='ocrx_word' id='word_1_66' title='bbox 1010 841 1039 899; x_wconf 90' lang='lat' dir='ltr'><strong>iu</strong></span> <span class='ocrx_word' id='word_1_67' title='bbox 1061 859 1122 901; x_wconf 91' lang='lat' dir='ltr'><strong>mu·</strong></span> 
     </span>
     <span class='ocr_line' id='line_1_9' title="bbox 126 920 1122 1001; baseline 0.004 -20"><span class='ocrx_word' id='word_1_68' title='bbox 126 921 265 981; x_wconf 91' lang='lat' dir='ltr'><strong>liebribus</strong></span> <span class='ocrx_word' id='word_1_69' title='bbox 280 920 363 979; x_wconf 93' lang='lat' dir='ltr'><strong>malis</strong></span> <span class='ocrx_word' id='word_1_70' title='bbox 376 920 611 980; x_wconf 79' lang='lat' dir='ltr'><strong>inflammationes</strong></span> <span class='ocrx_word' id='word_1_71' title='bbox 623 920 727 980; x_wconf 90' lang='lat' dir='ltr'><strong>volvae</strong></span> <span class='ocrx_word' id='word_1_72' title='bbox 742 920 842 980; x_wconf 89' lang='lat' dir='ltr'><strong>sedant</strong></span> <span class='ocrx_word' id='word_1_73' title='bbox 857 929 902 998; x_wconf 92' lang='lat' dir='ltr'><strong>et,</strong></span> <span class='ocrx_word' id='word_1_74' title='bbox 919 922 943 981; x_wconf 92' lang='lat' dir='ltr'><strong>si</strong></span> <span class='ocrx_word' id='word_1_75' title='bbox 955 923 1122 1001; x_wconf 87' lang='lat' dir='ltr'><strong>procidant,</strong></span> 
     </span>
     <span class='ocr_line' id='line_1_10' title="bbox 127 1003 1123 1082; baseline 0.005 -19"><span class='ocrx_word' id='word_1_76' title='bbox 127 1004 224 1063; x_wconf 81' lang='lat' dir='ltr'><strong>suffitu</strong></span> <span class='ocrx_word' id='word_1_77' title='bbox 245 1005 410 1080; x_wconf 90' lang='lat' dir='ltr'><strong>reprimunt.</strong></span> <span class='ocrx_word' id='word_1_78' title='bbox 440 1003 540 1064; x_wconf 87' lang='lat' dir='ltr'><strong>sucida</strong></span> <span class='ocrx_word' id='word_1_79' title='bbox 559 1004 623 1063; x_wconf 91' lang='lat' dir='ltr'><strong>lana</strong></span> <span class='ocrx_word' id='word_1_80' title='bbox 645 1005 769 1081; x_wconf 88' lang='lat' dir='ltr'><strong>inposita</strong></span> <span class='ocrx_word' id='word_1_81' title='bbox 791 1003 961 1082; x_wconf 90' lang='lat' dir='ltr'><strong>subditaque</strong></span> <span class='ocrx_word' id='word_1_82' title='bbox 989 1016 1123 1068; x_wconf 90' lang='lat' dir='ltr'><strong>mortuos</strong></span> 
     </span>
     <span class='ocr_line' id='line_1_11' title="bbox 127 1087 1155 1166; baseline 0.002 -22"><span class='ocrx_word' id='word_1_83' title='bbox 127 1095 225 1166; x_wconf 89' lang='lat' dir='ltr'><strong>partus</strong></span> <span class='ocrx_word' id='word_1_84' title='bbox 241 1095 354 1147; x_wconf 88' lang='lat' dir='ltr'><strong>evocat.</strong></span> <span class='ocrx_word' id='word_1_85' title='bbox 384 1087 457 1147; x_wconf 88' lang='lat' dir='ltr'><strong>sistit</strong></span> <span class='ocrx_word' id='word_1_86' title='bbox 474 1087 557 1146; x_wconf 89' lang='lat' dir='ltr'><strong>etiam</strong></span> <span class='ocrx_word' id='word_1_87' title='bbox 574 1088 715 1166; x_wconf 88' lang='lat' dir='ltr'><strong>profluvia</strong></span> <span class='ocrx_word' id='word_1_88' title='bbox 731 1104 847 1164; x_wconf 89' lang='lat' dir='ltr'><strong>earum,</strong></span> <span class='ocrx_word' id='word_1_89' title='bbox 871 1096 899 1147; x_wconf 84' lang='lat' dir='ltr'><strong>at</strong></span> <span class='ocrx_word' id='word_1_90' title='bbox 914 1089 992 1148; x_wconf 92' lang='lat' dir='ltr'><strong>canis</strong></span> <span class='ocrx_word' id='word_1_91' title='bbox 1008 1089 1121 1150; x_wconf 85' lang='lat' dir='ltr'><strong>rabiosi</strong></span> <span class='ocrx_word' id='word_1_92' title='bbox 1131 1105 1155 1147; x_wconf 81' lang='lat' dir='ltr'><strong>ro</strong></span> 
     </span>
     <span class='ocr_line' id='line_1_12' title="bbox 126 1169 1121 1249; baseline 0.006 -20"><span class='ocrx_word' id='word_1_93' title='bbox 126 1169 271 1229; x_wconf 88' lang='lat' dir='ltr'><strong>morsibus</strong></span> <span class='ocrx_word' id='word_1_94' title='bbox 294 1169 436 1231; x_wconf 88' lang='lat' dir='ltr'><strong>inculcata</strong></span> <span class='ocrx_word' id='word_1_95' title='bbox 458 1180 524 1249; x_wconf 91' lang='lat' dir='ltr'><strong>post</strong></span> <span class='ocrx_word' id='word_1_96' title='bbox 548 1170 621 1230; x_wconf 91' lang='lat' dir='ltr'><strong>diem</strong></span> <span class='ocrx_word' id='word_1_97' title='bbox 641 1178 802 1249; x_wconf 87' lang='lat' dir='ltr'><strong>septumum</strong></span> <span class='ocrx_word' id='word_1_98' title='bbox 821 1171 952 1231; x_wconf 90' lang='lat' dir='ltr'><strong>solvitur.</strong></span> <span class='ocrx_word' id='word_1_99' title='bbox 984 1170 1121 1235; x_wconf 80' lang='lat' dir='ltr'><strong>reduvias</strong></span> 
     </span>
     <span class='ocr_line' id='line_1_13' title="bbox 127 1253 1122 1336; baseline 0.007 -25"><span class='ocrx_word' id='word_1_100' title='bbox 127 1261 207 1312; x_wconf 91' lang='lat' dir='ltr'><strong>sanat</strong></span> <span class='ocrx_word' id='word_1_101' title='bbox 219 1271 256 1311; x_wconf 84' lang='lat' dir='ltr'><strong>ex</strong></span> <span class='ocrx_word' id='word_1_102' title='bbox 268 1271 341 1332; x_wconf 91' lang='lat' dir='ltr'><strong>aqua</strong></span> <span class='ocrx_word' id='word_1_103' title='bbox 355 1254 468 1331; x_wconf 84' lang='lat' dir='ltr'><strong>frigida,</strong></span> <span class='ocrx_word' id='word_1_104' title='bbox 486 1254 586 1313; x_wconf 90' lang='lat' dir='ltr'><strong>eadem</strong></span> <span class='ocrx_word' id='word_1_105' title='bbox 601 1255 687 1330; x_wconf 88' lang='lat' dir='ltr'><strong>nitro,</strong></span> <span class='ocrx_word' id='word_1_106' title='bbox 703 1253 832 1333; x_wconf 85' lang='lat' dir='ltr'><strong>sulpure,</strong></span> <span class='ocrx_word' id='word_1_107' title='bbox 846 1254 925 1327; x_wconf 87' lang='lat' dir='ltr'><strong>oleo,</strong></span> <span class='ocrx_word' id='word_1_108' title='bbox 941 1264 1038 1333; x_wconf 84' lang='lat' dir='ltr'><strong>aceto,</strong></span> <span class='ocrx_word' id='word_1_109' title='bbox 1054 1259 1122 1336; x_wconf 90' lang='lat' dir='ltr'><strong>pice</strong></span> 
     </span>
     <span class='ocr_line' id='line_1_14' title="bbox 126 1336 1122 1417; baseline 0.003 -20"><span class='ocrx_word' id='word_1_110' title='bbox 126 1336 234 1414; x_wconf 87' lang='lat' dir='ltr'><strong>liquida</strong></span> <span class='ocrx_word' id='word_1_111' title='bbox 253 1336 485 1397; x_wconf 79' lang='lat' dir='ltr'><strong>fervescentibus</strong></span> <span class='ocrx_word' id='word_1_112' title='bbox 508 1340 595 1397; x_wconf 88' lang='lat' dir='ltr'><strong>tiucta</strong></span> <span class='ocrx_word' id='word_1_113' title='bbox 618 1356 702 1415; x_wconf 89' lang='lat' dir='ltr'><strong>quam</strong></span> <span class='ocrx_word' id='word_1_114' title='bbox 724 1337 896 1397; x_wconf 86' lang='lat' dir='ltr'><strong>calidissima</strong></span> <span class='ocrx_word' id='word_1_115' title='bbox 925 1339 1054 1417; x_wconf 90' lang='lat' dir='ltr'><strong>inposita</strong></span> <span class='ocrx_word' id='word_1_116' title='bbox 1076 1340 1122 1400; x_wconf 92' lang='lat' dir='ltr'><strong>bis</strong></span> 
     </span>
     <span class='ocr_line' id='line_1_15' title="bbox 128 1419 1120 1498; baseline 0.006 -20"><span class='ocrx_word' id='word_1_117' title='bbox 128 1419 174 1479; x_wconf 91' lang='lat' dir='ltr'><strong>die</strong></span> <span class='ocrx_word' id='word_1_118' title='bbox 185 1419 344 1480; x_wconf 90' lang='lat' dir='ltr'><strong>lumborum</strong></span> <span class='ocrx_word' id='word_1_119' title='bbox 358 1421 476 1483; x_wconf 91' lang='lat' dir='ltr'><strong>dolores</strong></span> <span class='ocrx_word' id='word_1_120' title='bbox 492 1422 583 1481; x_wconf 90' lang='lat' dir='ltr'><strong>sedat.</strong></span> <span class='ocrx_word' id='word_1_121' title='bbox 599 1422 673 1480; x_wconf 91' lang='lat' dir='ltr'><strong>sistit</strong></span> <span class='ocrx_word' id='word_1_122' title='bbox 686 1430 714 1480; x_wconf 92' lang='lat' dir='ltr'><strong>et</strong></span> <span class='ocrx_word' id='word_1_123' title='bbox 728 1423 895 1498; x_wconf 78' lang='lat' dir='ltr'><strong>sanguinem</strong></span> <span class='ocrx_word' id='word_1_124' title='bbox 911 1439 949 1480; x_wconf 82' lang='lat' dir='ltr'><strong>ex</strong></span> <span class='ocrx_word' id='word_1_125' title='bbox 964 1424 1057 1482; x_wconf 90' lang='lat' dir='ltr'><strong>ariete</strong></span> <span class='ocrx_word' id='word_1_126' title='bbox 1073 1441 1120 1484; x_wconf 90' lang='lat' dir='ltr'><strong>su·</strong></span> 
     </span>
     <span class='ocr_line' id='line_1_16' title="bbox 83 1504 1153 1583; baseline 0.004 -19"><span class='ocrx_word' id='word_1_127' title='bbox 83 1515 118 1569; x_wconf 83' lang='lat'><strong>33</strong></span> <span class='ocrx_word' id='word_1_128' title='bbox 130 1504 193 1564; x_wconf 88' lang='lat' dir='ltr'><strong>cida</strong></span> <span class='ocrx_word' id='word_1_129' title='bbox 210 1505 348 1565; x_wconf 87' lang='lat' dir='ltr'><strong>articulos</strong></span> <span class='ocrx_word' id='word_1_130' title='bbox 369 1506 588 1565; x_wconf 83' lang='lat' dir='ltr'><strong>extremitatium</strong></span> <span class='ocrx_word' id='word_1_131' title='bbox 610 1504 784 1583; x_wconf 82' lang='lat' dir='ltr'><strong>praeligans.</strong></span> <span class='ocrx_word' id='word_1_132' title='bbox 817 1504 1010 1564; x_wconf 83' lang='lat' dir='ltr'><strong>laudatissima</strong></span> <span class='ocrx_word' id='word_1_133' title='bbox 1027 1508 1120 1567; x_wconf 86' lang='lat' dir='ltr'><strong>omnis</strong></span> <span class='ocrx_word' id='word_1_134' title='bbox 1130 1528 1153 1570; x_wconf 82' lang='lat' dir='ltr'><strong>rs</strong></span> 
     </span>
     <span class='ocr_line' id='line_1_17' title="bbox 126 1587 1119 1663; baseline 0.008 -17"><span class='ocrx_word' id='word_1_135' title='bbox 126 1606 142 1646; x_wconf 92' lang='lat' dir='ltr'><strong>e</strong></span> <span class='ocrx_word' id='word_1_136' title='bbox 161 1587 255 1663; x_wconf 92' lang='lat' dir='ltr'><strong>collo,</strong></span> <span class='ocrx_word' id='word_1_137' title='bbox 282 1589 396 1647; x_wconf 90' lang='lat' dir='ltr'><strong>natione</strong></span> <span class='ocrx_word' id='word_1_138' title='bbox 417 1605 488 1647; x_wconf 92' lang='lat' dir='ltr'><strong>vero</strong></span> <span class='ocrx_word' id='word_1_139' title='bbox 510 1589 655 1663; x_wconf 84' lang='lat' dir='ltr'><strong>Galatica,</strong></span> <span class='ocrx_word' id='word_1_140' title='bbox 672 1588 841 1662; x_wconf 85' lang='lat' dir='ltr'><strong>Tarentina,</strong></span> <span class='ocrx_word' id='word_1_141' title='bbox 858 1588 970 1663; x_wconf 81' lang='lat' dir='ltr'><strong>Attica,</strong></span> <span class='ocrx_word' id='word_1_142' title='bbox 995 1588 1119 1655; x_wconf 76' lang='lat' dir='ltr'><strong>milesia,</strong></span> 
     </span>
     <span class='ocr_line' id='line_1_18' title="bbox 126 1670 1119 1750; baseline 0.006 -22"><span class='ocrx_word' id='word_1_143' title='bbox 126 1670 253 1729; x_wconf 91' lang='lat' dir='ltr'><strong>sucidam</strong></span> <span class='ocrx_word' id='word_1_144' title='bbox 268 1671 406 1748; x_wconf 92' lang='lat' dir='ltr'><strong>inponunt</strong></span> <span class='ocrx_word' id='word_1_145' title='bbox 422 1679 452 1728; x_wconf 91' lang='lat' dir='ltr'><strong>et</strong></span> <span class='ocrx_word' id='word_1_146' title='bbox 465 1670 668 1748; x_wconf 85' lang='lat' dir='ltr'><strong>desquamatis,</strong></span> <span class='ocrx_word' id='word_1_147' title='bbox 686 1673 844 1750; x_wconf 90' lang='lat' dir='ltr'><strong>percussis,</strong></span> <span class='ocrx_word' id='word_1_148' title='bbox 862 1670 966 1746; x_wconf 89' lang='lat' dir='ltr'><strong>lividis,</strong></span> <span class='ocrx_word' id='word_1_149' title='bbox 983 1672 1119 1745; x_wconf 88' lang='lat' dir='ltr'><strong>incussis,</strong></span> 
     </span>
     <span class='ocr_line' id='line_1_19' title="bbox 127 1752 1120 1832; baseline 0.008 -22"><span class='ocrx_word' id='word_1_150' title='bbox 127 1753 255 1827; x_wconf 91' lang='lat' dir='ltr'><strong>conlisis,</strong></span> <span class='ocrx_word' id='word_1_151' title='bbox 269 1753 409 1829; x_wconf 91' lang='lat' dir='ltr'><strong>contritis,</strong></span> <span class='ocrx_word' id='word_1_152' title='bbox 421 1752 552 1829; x_wconf 91' lang='lat' dir='ltr'><strong>deiectis,</strong></span> <span class='ocrx_word' id='word_1_153' title='bbox 571 1756 673 1832; x_wconf 92' lang='lat' dir='ltr'><strong>capitis</strong></span> <span class='ocrx_word' id='word_1_154' title='bbox 690 1763 720 1813; x_wconf 91' lang='lat' dir='ltr'><strong>et</strong></span> <span class='ocrx_word' id='word_1_155' title='bbox 731 1754 794 1814; x_wconf 91' lang='lat' dir='ltr'><strong>aliis</strong></span> <span class='ocrx_word' id='word_1_156' title='bbox 805 1753 963 1830; x_wconf 89' lang='lat' dir='ltr'><strong>doloribus,</strong></span> <span class='ocrx_word' id='word_1_157' title='bbox 976 1757 1120 1818; x_wconf 82' lang='lat' dir='ltr'><strong>stomachi</strong></span> 
     </span>
     <span class='ocr_line' id='line_1_20' title="bbox 125 1834 1119 1900; baseline 0.006 -7"><span class='ocrx_word' id='word_1_158' title='bbox 125 1834 336 1894; x_wconf 82' lang='lat' dir='ltr'><strong>inflammationi</strong></span> <span class='ocrx_word' id='word_1_159' title='bbox 351 1852 388 1893; x_wconf 85' lang='lat' dir='ltr'><strong>ex</strong></span> <span class='ocrx_word' id='word_1_160' title='bbox 405 1844 489 1894; x_wconf 93' lang='lat' dir='ltr'><strong>aceto</strong></span> <span class='ocrx_word' id='word_1_161' title='bbox 511 1845 540 1895; x_wconf 91' lang='lat' dir='ltr'><strong>et</strong></span> <span class='ocrx_word' id='word_1_162' title='bbox 561 1853 696 1897; x_wconf 86' lang='lat' dir='ltr'><strong>rosaceo.</strong></span> <span class='ocrx_word' id='word_1_163' title='bbox 729 1838 801 1896; x_wconf 90' lang='lat' dir='ltr'><strong>ciuis</strong></span> <span class='ocrx_word' id='word_1_164' title='bbox 817 1838 879 1896; x_wconf 91' lang='lat' dir='ltr'><strong>eius</strong></span> <span class='ocrx_word' id='word_1_165' title='bbox 894 1837 1020 1898; x_wconf 89' lang='lat' dir='ltr'><strong>inlinitur</strong></span> <span class='ocrx_word' id='word_1_166' title='bbox 1039 1841 1119 1900; x_wconf 91' lang='lat' dir='ltr'><strong>attri-</strong></span> 
     </span>
     <span class='ocr_line' id='line_1_21' title="bbox 123 1917 1154 1995; baseline 0.007 -18"><span class='ocrx_word' id='word_1_167' title='bbox 123 1919 170 1995; x_wconf 93' lang='lat' dir='ltr'><strong>tis,</strong></span> <span class='ocrx_word' id='word_1_168' title='bbox 189 1919 355 1994; x_wconf 88' lang='lat' dir='ltr'><strong>vclneratis,</strong></span> <span class='ocrx_word' id='word_1_169' title='bbox 371 1917 518 1978; x_wconf 89' lang='lat' dir='ltr'><strong>ambustis.</strong></span> <span class='ocrx_word' id='word_1_170' title='bbox 549 1928 578 1978; x_wconf 90' lang='lat' dir='ltr'><strong>et</strong></span> <span class='ocrx_word' id='word_1_171' title='bbox 599 1922 627 1979; x_wconf 92' lang='lat' dir='ltr'><strong>in</strong></span> <span class='ocrx_word' id='word_1_172' title='bbox 651 1919 799 1980; x_wconf 90' lang='lat' dir='ltr'><strong>oculorum</strong></span> <span class='ocrx_word' id='word_1_173' title='bbox 813 1920 1021 1983; x_wconf 88' lang='lat' dir='ltr'><strong>medicamenta</strong></span> <span class='ocrx_word' id='word_1_174' title='bbox 1040 1923 1154 1984; x_wconf 78' lang='lat' dir='ltr'><strong>addi-ac</strong></span> 
     </span>
     <span class='ocr_line' id='line_1_22' title="bbox 82 2003 1121 2083; baseline 0.003 -20"><span class='ocrx_word' id='word_1_175' title='bbox 82 2010 189 2078; x_wconf 69' lang='lat' dir='ltr'><strong>bitur,</strong></span> <span class='ocrx_word' id='word_1_176' title='bbox 213 2003 279 2061; x_wconf 92' lang='lat' dir='ltr'><strong>item</strong></span> <span class='ocrx_word' id='word_1_177' title='bbox 299 2004 327 2061; x_wconf 91' lang='lat' dir='ltr'><strong>in</strong></span> <span class='ocrx_word' id='word_1_178' title='bbox 344 2003 453 2062; x_wconf 90' lang='lat' dir='ltr'><strong>listulas</strong></span> <span class='ocrx_word' id='word_1_179' title='bbox 468 2004 602 2082; x_wconf 91' lang='lat' dir='ltr'><strong>aurisque</strong></span> <span class='ocrx_word' id='word_1_180' title='bbox 620 2013 800 2083; x_wconf 90' lang='lat' dir='ltr'><strong>suppuratas.</strong></span> <span class='ocrx_word' id='word_1_181' title='bbox 835 2003 871 2062; x_wconf 87' lang='lat' dir='ltr'><strong>ad</strong></span> <span class='ocrx_word' id='word_1_182' title='bbox 894 2003 951 2064; x_wconf 90' lang='lat' dir='ltr'><strong>boc</strong></span> <span class='ocrx_word' id='word_1_183' title='bbox 966 2003 1121 2066; x_wconf 86' lang='lat' dir='ltr'><strong>detonsum</strong></span> 
     </span>
     <span class='ocr_line' id='line_1_23' title="bbox 126 2085 1120 2167; baseline 0.005 -23"><span class='ocrx_word' id='word_1_184' title='bbox 126 2104 198 2161; x_wconf 88' lang='lat' dir='ltr'><strong>eam,</strong></span> <span class='ocrx_word' id='word_1_185' title='bbox 216 2087 263 2145; x_wconf 92' lang='lat' dir='ltr'><strong>alii</strong></span> <span class='ocrx_word' id='word_1_186' title='bbox 282 2086 427 2162; x_wconf 90' lang='lat' dir='ltr'><strong>evolsam,</strong></span> <span class='ocrx_word' id='word_1_187' title='bbox 444 2086 550 2146; x_wconf 90' lang='lat' dir='ltr'><strong>decisis</strong></span> <span class='ocrx_word' id='word_1_188' title='bbox 573 2088 687 2146; x_wconf 91' lang='lat' dir='ltr'><strong>summis</strong></span> <span class='ocrx_word' id='word_1_189' title='bbox 707 2085 835 2166; x_wconf 92' lang='lat' dir='ltr'><strong>partibus</strong></span> <span class='ocrx_word' id='word_1_190' title='bbox 859 2088 969 2147; x_wconf 87' lang='lat' dir='ltr'><strong>siccant</strong></span> <span class='ocrx_word' id='word_1_191' title='bbox 984 2098 1120 2167; x_wconf 89' lang='lat' dir='ltr'><strong>carpunt·</strong></span> 
     </span>
     <span class='ocr_line' id='line_1_24' title="bbox 126 2168 1120 2248; baseline 0.005 -20"><span class='ocrx_word' id='word_1_192' title='bbox 126 2187 182 2247; x_wconf 89' lang='lat' dir='ltr'><strong>que</strong></span> <span class='ocrx_word' id='word_1_193' title='bbox 199 2177 228 2227; x_wconf 91' lang='lat' dir='ltr'><strong>et</strong></span> <span class='ocrx_word' id='word_1_194' title='bbox 243 2171 270 2226; x_wconf 95' lang='lat' dir='ltr'><strong>in</strong></span> <span class='ocrx_word' id='word_1_195' title='bbox 285 2169 364 2228; x_wconf 87' lang='lat' dir='ltr'><strong>fictili</strong></span> <span class='ocrx_word' id='word_1_196' title='bbox 381 2170 471 2229; x_wconf 90' lang='lat' dir='ltr'><strong>crudo</strong></span> <span class='ocrx_word' id='word_1_197' title='bbox 489 2178 654 2248; x_wconf 91' lang='lat' dir='ltr'><strong>conponunt</strong></span> <span class='ocrx_word' id='word_1_198' title='bbox 673 2187 707 2230; x_wconf 87' lang='lat' dir='ltr'><strong>ac</strong></span> <span class='ocrx_word' id='word_1_199' title='bbox 723 2169 810 2229; x_wconf 90' lang='lat' dir='ltr'><strong>melle</strong></span> <span class='ocrx_word' id='word_1_200' title='bbox 828 2168 1002 2248; x_wconf 88' lang='lat' dir='ltr'><strong>perfundunt</strong></span> <span class='ocrx_word' id='word_1_201' title='bbox 1021 2181 1120 2233; x_wconf 92' lang='lat' dir='ltr'><strong>urunt·</strong></span> 
     </span>
     <span class='ocr_line' id='line_1_25' title="bbox 125 2251 1120 2330; baseline 0.006 -20"><span class='ocrx_word' id='word_1_202' title='bbox 125 2269 192 2330; x_wconf 89' lang='lat' dir='ltr'><strong>que.</strong></span> <span class='ocrx_word' id='word_1_203' title='bbox 225 2251 272 2310; x_wconf 89' lang='lat' dir='ltr'><strong>alii</strong></span> <span class='ocrx_word' id='word_1_204' title='bbox 288 2252 390 2311; x_wconf 90' lang='lat' dir='ltr'><strong>assulis</strong></span> <span class='ocrx_word' id='word_1_205' title='bbox 405 2252 508 2311; x_wconf 91' lang='lat' dir='ltr'><strong>taedae</strong></span> <span class='ocrx_word' id='word_1_206' title='bbox 525 2251 662 2312; x_wconf 88' lang='lat' dir='ltr'><strong>subiectis</strong></span> <span class='ocrx_word' id='word_1_207' title='bbox 678 2261 707 2310; x_wconf 91' lang='lat' dir='ltr'><strong>et</strong></span> <span class='ocrx_word' id='word_1_208' title='bbox 721 2252 841 2312; x_wconf 90' lang='lat' dir='ltr'><strong>subinde</strong></span> <span class='ocrx_word' id='word_1_209' title='bbox 856 2255 1031 2315; x_wconf 86' lang='lat' dir='ltr'><strong>interstratis</strong></span> <span class='ocrx_word' id='word_1_210' title='bbox 1049 2256 1120 2316; x_wconf 90' lang='lat' dir='ltr'><strong>oleo</strong></span> 
     </span>
     <span class='ocr_line' id='line_1_26' title="bbox 124 2333 1155 2414; baseline 0.008 -21"><span class='ocrx_word' id='word_1_211' title='bbox 124 2333 291 2412; x_wconf 84' lang='lat' dir='ltr'><strong>adspersam</strong></span> <span class='ocrx_word' id='word_1_212' title='bbox 307 2335 467 2394; x_wconf 89' lang='lat' dir='ltr'><strong>accendunt</strong></span> <span class='ocrx_word' id='word_1_213' title='bbox 479 2336 663 2412; x_wconf 87' lang='lat' dir='ltr'><strong>cineremque</strong></span> <span class='ocrx_word' id='word_1_214' title='bbox 677 2335 705 2394; x_wconf 93' lang='lat' dir='ltr'><strong>in</strong></span> <span class='ocrx_word' id='word_1_215' title='bbox 721 2336 835 2395; x_wconf 89' lang='lat' dir='ltr'><strong>labellis</strong></span> <span class='ocrx_word' id='word_1_216' title='bbox 847 2354 921 2414; x_wconf 89' lang='lat' dir='ltr'><strong>aqua</strong></span> <span class='ocrx_word' id='word_1_217' title='bbox 938 2336 1034 2398; x_wconf 87' lang='lat' dir='ltr'><strong>addita</strong></span> <span class='ocrx_word' id='word_1_218' title='bbox 1049 2356 1155 2403; x_wconf 81' lang='lat' dir='ltr'><strong>con-ss</strong></span> 
     </span>
     <span class='ocr_line' id='line_1_27' title="bbox 124 2417 1121 2499; baseline 0.007 -24"><span class='ocrx_word' id='word_1_219' title='bbox 124 2417 228 2477; x_wconf 86' lang='lat' dir='ltr'><strong>fricant</strong></span> <span class='ocrx_word' id='word_1_220' title='bbox 241 2436 323 2478; x_wconf 90' lang='lat' dir='ltr'><strong>manu</strong></span> <span class='ocrx_word' id='word_1_221' title='bbox 341 2427 370 2478; x_wconf 91' lang='lat' dir='ltr'><strong>et</strong></span> <span class='ocrx_word' id='word_1_222' title='bbox 388 2417 540 2478; x_wconf 89' lang='lat' dir='ltr'><strong>considere</strong></span> <span class='ocrx_word' id='word_1_223' title='bbox 556 2421 715 2497; x_wconf 89' lang='lat' dir='ltr'><strong>patiuntur,</strong></span> <span class='ocrx_word' id='word_1_224' title='bbox 739 2419 825 2497; x_wconf 89' lang='lat' dir='ltr'><strong>idque</strong></span> <span class='ocrx_word' id='word_1_225' title='bbox 840 2422 957 2499; x_wconf 87' lang='lat' dir='ltr'><strong>saepius</strong></span> <span class='ocrx_word' id='word_1_226' title='bbox 975 2429 1121 2482; x_wconf 89' lang='lat' dir='ltr'><strong>mutantes</strong></span> 
     </span>
     <span class='ocr_line' id='line_1_28' title="bbox 124 2502 1121 2580; baseline 0.006 -21"><span class='ocrx_word' id='word_1_227' title='bbox 124 2518 243 2579; x_wconf 89' lang='lat' dir='ltr'><strong>aquam,</strong></span> <span class='ocrx_word' id='word_1_228' title='bbox 267 2502 360 2562; x_wconf 93' lang='lat' dir='ltr'><strong>donec</strong></span> <span class='ocrx_word' id='word_1_229' title='bbox 376 2503 502 2579; x_wconf 82' lang='lat' dir='ltr'><strong>linguam</strong></span> <span class='ocrx_word' id='word_1_230' title='bbox 518 2503 677 2580; x_wconf 83' lang='lat' dir='ltr'><strong>adstringat</strong></span> <span class='ocrx_word' id='word_1_231' title='bbox 692 2503 795 2562; x_wconf 88' lang='lat' dir='ltr'><strong>leuiter</strong></span> <span class='ocrx_word' id='word_1_232' title='bbox 810 2520 865 2562; x_wconf 87' lang='lat' dir='ltr'><strong>uec</strong></span> <span class='ocrx_word' id='word_1_233' title='bbox 888 2503 1029 2564; x_wconf 89' lang='lat' dir='ltr'><strong>mordeat.</strong></span> <span class='ocrx_word' id='word_1_234' title='bbox 1060 2513 1121 2565; x_wconf 92' lang='lat' dir='ltr'><strong>tum</strong></span> 
     </span>
     <span class='ocr_line' id='line_1_29' title="bbox 126 2586 1122 2665; baseline 0.007 -23"><span class='ocrx_word' id='word_1_235' title='bbox 126 2586 252 2645; x_wconf 90' lang='lat' dir='ltr'><strong>cinerem</strong></span> <span class='ocrx_word' id='word_1_236' title='bbox 266 2597 416 2665; x_wconf 88' lang='lat' dir='ltr'><strong>reponunt.</strong></span> <span class='ocrx_word' id='word_1_237' title='bbox 436 2586 488 2646; x_wconf 84' lang='lat' dir='ltr'><strong>Vis</strong></span> <span class='ocrx_word' id='word_1_238' title='bbox 501 2588 563 2646; x_wconf 91' lang='lat' dir='ltr'><strong>eius</strong></span> <span class='ocrx_word' id='word_1_239' title='bbox 575 2589 685 2665; x_wconf 90' lang='lat' dir='ltr'><strong>septica</strong></span> <span class='ocrx_word' id='word_1_240' title='bbox 698 2596 742 2644; x_wconf 90' lang='lat' dir='ltr'><strong>est</strong></span> <span class='ocrx_word' id='word_1_241' title='bbox 755 2586 1014 2663; x_wconf 81' lang='lat' dir='ltr'><strong>efficacissimeque</strong></span> <span class='ocrx_word' id='word_1_242' title='bbox 1026 2605 1122 2664; x_wconf 73' lang='lat' dir='ltr'><strong>geues</strong></span> 
     </span>
     <span class='ocr_line' id='line_1_30' title="bbox 124 2679 1176 2746; baseline 0.011 -19"><span class='ocrx_word' id='word_1_243' title='bbox 124 2679 238 2746; x_wconf 81' lang='lat' dir='ltr'><strong>purgat.</strong></span> <span class='ocrx_word' id='word_1_244' title='bbox 1171 2718 1176 2739; x_wconf 72' lang='grc'><em>.</em></span> 
     </span>
     <span class='ocr_line' id='line_1_31' title="bbox 81 2752 1154 2832; baseline 0.002 -17"><span class='ocrx_word' id='word_1_245' title='bbox 81 2762 115 2815; x_wconf 80' lang='grc'><strong>35</strong></span> <span class='ocrx_word' id='word_1_246' title='bbox 181 2752 264 2830; x_wconf 89' lang='grc'>(10.)</span> <span class='ocrx_word' id='word_1_247' title='bbox 287 2754 361 2827; x_wconf 83' lang='lat' dir='ltr'><strong>Quin</strong></span> <span class='ocrx_word' id='word_1_248' title='bbox 376 2754 458 2831; x_wconf 87' lang='lat' dir='ltr'><strong>ipsae</strong></span> <span class='ocrx_word' id='word_1_249' title='bbox 480 2753 584 2813; x_wconf 89' lang='lat' dir='ltr'><strong>sordes</strong></span> <span class='ocrx_word' id='word_1_250' title='bbox 606 2753 746 2832; x_wconf 89' lang='lat' dir='ltr'><strong>pecudum</strong></span> <span class='ocrx_word' id='word_1_251' title='bbox 769 2753 913 2831; x_wconf 90' lang='lat' dir='ltr'><strong>sudorque</strong></span> <span class='ocrx_word' id='word_1_252' title='bbox 935 2753 1070 2813; x_wconf 90' lang='lat' dir='ltr'><strong>feminum</strong></span> <span class='ocrx_word' id='word_1_253' title='bbox 1091 2763 1154 2817; x_wconf 79' lang='lat' dir='ltr'><strong>etsc</strong></span> 
     </span>
     <span class='ocr_line' id='line_1_32' title="bbox 126 2835 1120 2915; baseline 0.003 -21"><span class='ocrx_word' id='word_1_254' title='bbox 126 2835 232 2894; x_wconf 89' lang='lat' dir='ltr'><strong>alarum</strong></span> <span class='ocrx_word' id='word_1_255' title='bbox 250 2835 440 2895; x_wconf 88' lang='lat' dir='ltr'><strong>adhaerentes</strong></span> <span class='ocrx_word' id='word_1_256' title='bbox 456 2837 528 2896; x_wconf 89' lang='lat' dir='ltr'><strong>lanis</strong></span> <span class='ocrx_word' id='word_1_257' title='bbox 547 2867 590 2883; x_wconf 82' lang='lat'><strong>--</strong></span> <span class='ocrx_word' id='word_1_258' title='bbox 612 2853 753 2915; x_wconf 80' lang='lat' dir='ltr'><strong>oesypum</strong></span> <span class='ocrx_word' id='word_1_259' title='bbox 769 2846 874 2897; x_wconf 83' lang='lat' dir='ltr'><strong>vocant</strong></span> <span class='ocrx_word' id='word_1_260' title='bbox 888 2870 932 2882; x_wconf 88' lang='lat'>—</span> <span class='ocrx_word' id='word_1_261' title='bbox 951 2839 1120 2898; x_wconf 90' lang='lat' dir='ltr'><strong>innumeros</strong></span> 
     </span>
     <span class='ocr_line' id='line_1_33' title="bbox 127 2917 1120 2999; baseline 0.007 -24"><span class='ocrx_word' id='word_1_262' title='bbox 127 2934 221 2996; x_wconf 90' lang='lat' dir='ltr'><strong>prope</strong></span> <span class='ocrx_word' id='word_1_263' title='bbox 240 2935 308 2977; x_wconf 91' lang='lat' dir='ltr'><strong>usus</strong></span> <span class='ocrx_word' id='word_1_264' title='bbox 324 2917 439 2977; x_wconf 88' lang='lat' dir='ltr'><strong>babent.</strong></span> <span class='ocrx_word' id='word_1_265' title='bbox 470 2919 498 2977; x_wconf 93' lang='lat' dir='ltr'><strong>in</strong></span> <span class='ocrx_word' id='word_1_266' title='bbox 512 2919 616 2978; x_wconf 80' lang='lat' dir='ltr'><strong>Atticis</strong></span> <span class='ocrx_word' id='word_1_267' title='bbox 632 2918 734 2979; x_wconf 92' lang='lat' dir='ltr'><strong>ovibus</strong></span> <span class='ocrx_word' id='word_1_268' title='bbox 752 2922 851 2996; x_wconf 79' lang='lat' dir='ltr'><strong>genito</strong></span> <span class='ocrx_word' id='word_1_269' title='bbox 873 2920 977 2999; x_wconf 90' lang='lat' dir='ltr'><strong>palma.</strong></span> <span class='ocrx_word' id='word_1_270' title='bbox 1009 2921 1041 2980; x_wconf 89' lang='lat' dir='ltr'><strong>dt</strong></span> <span class='ocrx_word' id='word_1_271' title='bbox 1055 2921 1120 2999; x_wconf 91' lang='lat' dir='ltr'><strong>plu·</strong></span> 
     </span>
     <span class='ocr_line' id='line_1_34' title="bbox 125 2999 1120 3082; baseline 0.006 -24"><span class='ocrx_word' id='word_1_272' title='bbox 125 2999 203 3059; x_wconf 91' lang='lat' dir='ltr'><strong>ribus</strong></span> <span class='ocrx_word' id='word_1_273' title='bbox 220 3001 329 3076; x_wconf 90' lang='lat' dir='ltr'><strong>modis,</strong></span> <span class='ocrx_word' id='word_1_274' title='bbox 346 3000 399 3060; x_wconf 92' lang='lat' dir='ltr'><strong>sed</strong></span> <span class='ocrx_word' id='word_1_275' title='bbox 416 3001 647 3078; x_wconf 90' lang='lat' dir='ltr'><strong>probatissimum</strong></span> <span class='ocrx_word' id='word_1_276' title='bbox 665 3002 729 3062; x_wconf 88' lang='lat' dir='ltr'><strong>lana</strong></span> <span class='ocrx_word' id='word_1_277' title='bbox 745 3003 782 3063; x_wconf 91' lang='lat' dir='ltr'><strong>ab</strong></span> <span class='ocrx_word' id='word_1_278' title='bbox 802 3003 847 3062; x_wconf 93' lang='lat' dir='ltr'><strong>bis</strong></span> <span class='ocrx_word' id='word_1_279' title='bbox 863 3003 991 3082; x_wconf 91' lang='lat' dir='ltr'><strong>partibus</strong></span> <span class='ocrx_word' id='word_1_280' title='bbox 1004 3007 1120 3064; x_wconf 91' lang='lat' dir='ltr'><strong>recenti</strong></span> 
     </span>
     <span class='ocr_line' id='line_1_35' title="bbox 126 3084 1121 3165; baseline 0.005 -22"><span class='ocrx_word' id='word_1_281' title='bbox 126 3093 283 3163; x_wconf 90' lang='lat' dir='ltr'><strong>concerpta</strong></span> <span class='ocrx_word' id='word_1_282' title='bbox 298 3092 345 3144; x_wconf 90' lang='lat' dir='ltr'><strong>ant</strong></span> <span class='ocrx_word' id='word_1_283' title='bbox 364 3084 591 3163; x_wconf 90' lang='lat' dir='ltr'><strong>quibuscumque</strong></span> <span class='ocrx_word' id='word_1_284' title='bbox 606 3084 746 3145; x_wconf 89' lang='lat' dir='ltr'><strong>sordibus·</strong></span> <span class='ocrx_word' id='word_1_285' title='bbox 759 3085 867 3146; x_wconf 89' lang='lat' dir='ltr'><strong>sucidis</strong></span> <span class='ocrx_word' id='word_1_286' title='bbox 890 3088 1010 3165; x_wconf 90' lang='lat' dir='ltr'><strong>primum</strong></span> <span class='ocrx_word' id='word_1_287' title='bbox 1026 3087 1121 3148; x_wconf 89' lang='lat' dir='ltr'><strong>colle·</strong></span> 
     </span>
     <span class='ocr_line' id='line_1_36' title="bbox 125 3166 1155 3248; baseline 0 -20"><span class='ocrx_word' id='word_1_288' title='bbox 125 3169 178 3228; x_wconf 91' lang='lat' dir='ltr'><strong>ctis</strong></span> <span class='ocrx_word' id='word_1_289' title='bbox 194 3167 273 3227; x_wconf 91' lang='lat' dir='ltr'><strong>lento</strong></span> <span class='ocrx_word' id='word_1_290' title='bbox 289 3168 348 3245; x_wconf 80' lang='lat' dir='ltr'><strong>igni</strong></span> <span class='ocrx_word' id='word_1_291' title='bbox 362 3169 391 3227; x_wconf 92' lang='lat' dir='ltr'><strong>in</strong></span> <span class='ocrx_word' id='word_1_292' title='bbox 407 3185 500 3228; x_wconf 88' lang='lat' dir='ltr'><strong>aeneo</strong></span> <span class='ocrx_word' id='word_1_293' title='bbox 518 3166 738 3228; x_wconf 85' lang='lat' dir='ltr'><strong>subfervefactis</strong></span> <span class='ocrx_word' id='word_1_294' title='bbox 758 3178 787 3229; x_wconf 87' lang='lat' dir='ltr'><strong>et</strong></span> <span class='ocrx_word' id='word_1_295' title='bbox 807 3169 988 3246; x_wconf 86' lang='lat' dir='ltr'><strong>refrigeratis</strong></span> <span class='ocrx_word' id='word_1_296' title='bbox 1005 3171 1118 3248; x_wconf 79' lang='lat' dir='ltr'><strong>pingui·</strong></span> <span class='ocrx_word' id='word_1_297' title='bbox 1129 3186 1155 3228; x_wconf 80' lang='lat' dir='ltr'><strong>es</strong></span> 
     </span>
     <span class='ocr_line' id='line_1_37' title="bbox 126 3252 1119 3337; baseline 0.004 -27"><span class='ocrx_word' id='word_1_298' title='bbox 126 3270 181 3330; x_wconf 93' lang='lat' dir='ltr'><strong>que</strong></span> <span class='ocrx_word' id='word_1_299' title='bbox 197 3252 273 3329; x_wconf 91' lang='lat' dir='ltr'><strong>quod</strong></span> <span class='ocrx_word' id='word_1_300' title='bbox 296 3261 462 3331; x_wconf 88' lang='lat' dir='ltr'><strong>supernatet</strong></span> <span class='ocrx_word' id='word_1_301' title='bbox 484 3252 659 3337; x_wconf 67' lang='lat' dir='ltr'><strong>collectoin</strong></span> <span class='ocrx_word' id='word_1_302' title='bbox 674 3253 763 3313; x_wconf 82' lang='lat' dir='ltr'><strong>fictile</strong></span> <span class='ocrx_word' id='word_1_303' title='bbox 784 3271 835 3313; x_wconf 88' lang='lat' dir='ltr'><strong>vas</strong></span> <span class='ocrx_word' id='word_1_304' title='bbox 851 3255 1012 3333; x_wconf 87' lang='lat' dir='ltr'><strong>iterumque</strong></span> <span class='ocrx_word' id='word_1_305' title='bbox 1029 3253 1119 3314; x_wconf 89' lang='lat' dir='ltr'><strong>deco·</strong></span> 
     </span>
     <span class='ocr_line' id='line_1_38' title="bbox 126 3336 1119 3416; baseline 0.004 -23"><span class='ocrx_word' id='word_1_306' title='bbox 126 3344 171 3394; x_wconf 90' lang='lat' dir='ltr'><strong>cta</strong></span> <span class='ocrx_word' id='word_1_307' title='bbox 188 3337 277 3414; x_wconf 91' lang='lat' dir='ltr'><strong>priori</strong></span> <span class='ocrx_word' id='word_1_308' title='bbox 293 3336 429 3411; x_wconf 84' lang='lat' dir='ltr'><strong>materia,</strong></span> <span class='ocrx_word' id='word_1_309' title='bbox 451 3352 524 3411; x_wconf 88' lang='lat' dir='ltr'><strong>qnae</strong></span> <span class='ocrx_word' id='word_1_310' title='bbox 540 3336 707 3413; x_wconf 79' lang='lat' dir='ltr'><strong>pinguitudo</strong></span> <span class='ocrx_word' id='word_1_311' title='bbox 724 3345 846 3416; x_wconf 91' lang='lat' dir='ltr'><strong>utraque</strong></span> <span class='ocrx_word' id='word_1_312' title='bbox 863 3336 967 3414; x_wconf 78' lang='lat' dir='ltr'><strong>frigida</strong></span> <span class='ocrx_word' id='word_1_313' title='bbox 987 3353 1061 3415; x_wconf 92' lang='lat' dir='ltr'><strong>aqua</strong></span> <span class='ocrx_word' id='word_1_314' title='bbox 1077 3337 1119 3397; x_wconf 91' lang='lat' dir='ltr'><strong>la·</strong></span> 
     </span>
     <span class='ocr_line' id='line_1_39' title="bbox 124 3419 1120 3497; baseline 0.005 -21"><span class='ocrx_word' id='word_1_315' title='bbox 124 3426 206 3477; x_wconf 82' lang='lat' dir='ltr'><strong>vetur</strong></span> <span class='ocrx_word' id='word_1_316' title='bbox 222 3428 251 3478; x_wconf 89' lang='lat' dir='ltr'><strong>et</strong></span> <span class='ocrx_word' id='word_1_317' title='bbox 261 3421 289 3479; x_wconf 93' lang='lat' dir='ltr'><strong>in</strong></span> <span class='ocrx_word' id='word_1_318' title='bbox 305 3419 395 3480; x_wconf 90' lang='lat' dir='ltr'><strong>linteo</strong></span> <span class='ocrx_word' id='word_1_319' title='bbox 410 3427 541 3479; x_wconf 80' lang='lat' dir='ltr'><strong>saccatur</strong></span> <span class='ocrx_word' id='word_1_320' title='bbox 549 3437 585 3479; x_wconf 92' lang='lat' dir='ltr'><strong>ac</strong></span> <span class='ocrx_word' id='word_1_321' title='bbox 600 3419 663 3481; x_wconf 92' lang='lat' dir='ltr'><strong>sole</strong></span> <span class='ocrx_word' id='word_1_322' title='bbox 678 3429 814 3497; x_wconf 89' lang='lat' dir='ltr'><strong>torretur,</strong></span> <span class='ocrx_word' id='word_1_323' title='bbox 826 3421 921 3481; x_wconf 89' lang='lat' dir='ltr'><strong>donec</strong></span> <span class='ocrx_word' id='word_1_324' title='bbox 933 3419 1053 3480; x_wconf 90' lang='lat' dir='ltr'><strong>candida</strong></span> <span class='ocrx_word' id='word_1_325' title='bbox 1070 3421 1120 3481; x_wconf 84' lang='lat' dir='ltr'><strong>fiat</strong></span> 
     </span>
    </p>
   </div>
   <div class='ocr_carea' id='block_1_4' title="bbox 0 0 1204 3840">
    <p class='ocr_par' dir='ltr' id='par_1_4' title="bbox 0 0 1204 3840">
     <span class='ocr_line' id='line_1_40' title="bbox 0 0 1204 3840; baseline 0 1"><span class='ocrx_word' id='word_1_326' title='bbox 0 0 1204 3840; x_wconf 95' lang='lat' dir='ltr'><strong> </strong></span> 
     </span>
    </p>
   </div>
  </div>
 </body>
</html>
