2400 3840
153 187 213 251 278
477 201 507 250 c.
530 201 626 249 emm
646 201 797 250 sacuam

149 355 268 434 pellant.
297 357 407 415 transiit
421 355 546 416 deinde
538 373 566 413 ιιι
583 354 736 430 luxuriam,
756 364 965 455 creveruntque
982 375 1091 434 genera
1107 358 1142 417 ad

149 440 295 514 inlinitum,
313 438 395 498 sicuti
406 457 505 516 garum
519 437 554 499 ad
566 437 696 498 colorem
709 439 794 498 mulsi
806 441 913 499 veteris
913 440 1058 522 adeoque
1071 441 1142 501 dilu

148 531 203 582 tam
224 523 391 582 suavitatem
407 531 435 580 ut
451 522 510 582 bibi
531 523 636 601 possit.
667 521 742 581 aliud
760 541 831 583 vero
852 525 1080 584 castimoniarum
1097 543 1142 583 su-

149 607 310 682 perstitioni
326 607 409 665 etiam
425 606 574 685 sacrisque
589 603 702 665 ludaeis
718 605 855 682 dicatum,
879 607 956 685 quod
978 607 1039 666 lite
1057 609 1143 684 pisci·

147 687 200 747 bus
213 707 330 767 squama
344 688 516 749 carentibus.
539 690 582 748 sic
595 688 672 748 allex
684 690 815 768 pervenit
827 689 862 749 ad
874 699 997 765 ostreas,
1010 690 1143 765 echinos,
1157 718 1169 758 ⁵

146 774 252 832 urticas
264 773 364 849 maris,
380 772 530 832 mullorum
546 771 691 848 iocinera,
706 773 920 850 innumerisque
935 772 1091 850 generibus
1107 773 1142 833 ad

103 865 138 920 96
149 872 271 934 sapores
282 855 369 931 gulae
384 856 482 933 coepit
496 855 539 915 sal
551 853 714 914 tabescere.
737 854 818 914 llaec
827 855 920 915 obiter
941 856 1066 916 indicata
1088 858 1143 915 sint

146 937 299 998 desideriis
313 940 405 1013 vitae,
428 946 456 997 et
476 939 540 1017 ipsa
563 946 656 998 tamen
672 957 728 998 non
743 938 847 998 nullius
864 957 932 999 usus
946 940 973 998 io
986 938 1141 1000 medendo.

146 1038 268 1098 namque
281 1029 308 1079 et
321 1021 415 1080 allece
428 1021 544 1081 scabies
557 1022 673 1100 pecoris
687 1031 802 1081 sanatur
813 1020 905 1081 inlusa
922 1041 975 1101 per
991 1031 1084 1083 cutem
1101 1025 1142 1081 in-

145 1106 249 1179 cisam,
271 1112 299 1163 et
319 1115 418 1165 contra
440 1106 519 1165 canis
539 1122 651 1165 morsus
673 1105 864 1182 draconisque
885 1106 984 1165 marini
1011 1106 1142 1183 prodest,
1153 1131 1175 1174 ιο

103 1195 136 1250 97
150 1187 176 1245 in
193 1186 321 1246 linteolis
336 1197 429 1248 autem
449 1189 615 1268 concerptis
630 1189 783 1268 inponitur.
810 1188 846 1247 llt
865 1206 937 1266 garo
952 1187 1082 1249 ambusta
1097 1207 1142 1248 re-

146 1272 238 1330 centia
253 1281 403 1348 sanantur,
420 1273 444 1331 si
462 1271 526 1351 quis
541 1271 667 1331 infundat
681 1290 715 1331 ac
729 1289 785 1332 non
798 1273 925 1332 nominet
936 1289 1045 1350 garum.
1075 1289 1142 1331 con·

145 1363 189 1415 tra
205 1372 306 1415 canum
322 1374 438 1435 quoque
458 1372 571 1415 morsus
592 1356 712 1432 prodest
734 1373 922 1434 maxumeque
945 1354 1087 1417 crocodili
1116 1362 1144 1414 et

144 1438 290 1499 ulceribus
308 1458 381 1518 quae
397 1448 517 1518 serpunt
538 1447 584 1499 aut
606 1439 738 1498 sordidis.
768 1439 827 1498 oris
851 1456 966 1518 quoque
987 1446 1016 1498 et
1035 1439 1144 1497 aurium

144 1521 292 1582 ulceribus
314 1532 362 1583 aut
378 1523 527 1583 doloribus
545 1523 664 1582 mirifice
680 1522 808 1600 prodest.
837 1522 926 1583 llluria
943 1539 1059 1600 quoque
1081 1523 1143 1581 sive
1154 1549 1176 1588 ιι

102 1623 126 1657 ⁰²
148 1605 197 1665 illa
219 1606 335 1683 salsugo
355 1608 479 1684 spissat,
503 1606 630 1681 mordet,
653 1614 806 1682 extenuat,
830 1607 935 1680 siccat,
959 1605 1144 1679 dysintericis

144 1688 239 1763 utilis,
259 1690 344 1748 etiam
361 1690 385 1747 si
402 1708 487 1750 nome
501 1690 633 1749 intestina
650 1688 790 1767 conripit,
806 1688 985 1763 ischiadicis,
1003 1688 1144 1748 coeliacis

144 1771 293 1830 veteribus
308 1771 471 1832 infunditur.
501 1773 562 1832 fotu
580 1789 695 1852 quoque
713 1771 787 1850 apud
806 1772 1034 1831 mediterraneos
1051 1788 1144 1849 aquae

144 1855 269 1915 marinae
285 1856 377 1914 vicem
393 1864 506 1933 pensat.

102 1947 137 2005 98
209 1941 238 2000 9.
264 1938 346 2016 (45.)
369 1939 444 1999 Salis
459 1948 557 1998 natura
573 1947 616 1997 est
631 1957 684 2017 per
697 1956 730 1996 se
743 1939 828 2015 ignea
843 1947 872 1998 et
888 1939 1001 1998 inimica
1015 1936 1142 2014 ignibus,
1153 1968 1176 2008 20

143 2021 259 2098 fugiens
278 2039 348 2098 eos,
367 2023 461 2082 omnia
478 2022 619 2096 eredens,
638 2038 763 2098 corpora
780 2038 852 2081 vero
868 2021 1068 2097 adstringens,
1087 2021 1143 2080 sic·

146 2123 231 2179 cans,
246 2105 394 2181 adligans,
416 2106 550 2165 defuncta
566 2106 680 2164 etiama
702 2105 887 2181 putrescendi
901 2104 969 2164 tabe
985 2102 1144 2178 vindicans,

143 2196 174 2247 ut
189 2188 292 2247 durent
310 2189 349 2248 ita
365 2206 418 2266 per
433 2189 565 2261 saecula,
584 2189 612 2246 in
633 2187 788 2246 medendo
805 2205 876 2247 vcro
900 2187 1052 2263 mordens,
1076 2186 1144 2246 adu-

144 2288 228 2346 rens,
244 2288 420 2350 repurgans,
439 2279 612 2346 extenuans,
626 2270 805 2346 dissolvens,
819 2270 968 2332 stomacho
984 2279 1091 2330 tantum
1102 2271 1144 2329 in·

144 2353 237 2429 utilis,
254 2364 454 2432 praeterquam
468 2353 504 2413 ad
520 2353 699 2413 excitandam
720 2353 903 2429 aviditatem,
926 2354 1067 2413 adversus
1082 2370 1176 2422 ser-25

144 2438 270 2513 pentium
285 2454 399 2497 morsus
415 2456 477 2497 cum
499 2439 635 2514 origano,
658 2436 763 2512 melle,
787 2436 920 2515 hysopo,
943 2446 1042 2496 contra
1064 2453 1144 2495 cera·

101 2529 136 2596 99
148 2530 210 2579 sten
227 2538 289 2579 eum
305 2521 426 2598 origano
444 2531 492 2581 aut
512 2521 610 2581 cedria
631 2528 679 2579 aut
703 2521 769 2597 pice
792 2529 838 2580 aut
858 2520 955 2579 melle.
992 2519 1145 2579 auxiliatur

145 2613 245 2664 contra
265 2605 474 2682 scolopendras
496 2623 533 2664 ex
555 2613 640 2664 aceto
652 2611 771 2704 potus,
798 2603 937 2663 adversus
957 2603 1145 2681 scorpionum

143 2689 217 2747 ictus
232 2706 294 2754 cum
310 2697 409 2767 quarta
425 2697 507 2767 parte
521 2688 570 2749 lini
588 2688 703 2772 seminis
720 2707 758 2748 ex
773 2687 841 2747 oleo
859 2687 907 2746 vel
928 2696 1013 2747 aceto
1033 2685 1145 2760 inlitus,

143 2770 283 2830 adversus
300 2771 458 2832 crabrones
476 2790 548 2832 vero
566 2781 595 2832 et
614 2762 723 2849 vespas
746 2771 906 2850 similiaque
927 2789 965 2830 ex
985 2779 1086 2846 aceto,
1107 2768 1176 2830 adao

143 2853 360 2914 heterocranias
379 2856 539 2934 capitisque
557 2855 656 2914 ulcera
675 2863 703 2913 et
722 2854 839 2932 pusulas
855 2854 1014 2931 papulasve
1030 2855 1083 2912 et
1074 2854 1144 2913 nnci-

144 2938 249 3015 pientis
263 2956 400 2999 verrucas
417 2957 479 2997 cum
496 2938 568 2998 sebo
587 2936 726 3013 vitulino,
745 2938 814 2997 item
836 2937 985 2996 oculorum
1005 2935 1144 2996 remediis

144 3029 173 3078 et
191 3021 226 3080 ad
242 3023 439 3083 excrescentis
455 3021 495 3080 ibi
511 3023 605 3081 carnis
620 3022 765 3098 totiusque
784 3022 918 3100 corporis
930 3020 1074 3099 pterygia,
1091 3017 1145 3078 sed

143 3105 171 3161 in
191 3104 283 3164 oculis
298 3105 501 3182 peculiariter,
518 3104 556 3163 ob
574 3104 602 3163 id
617 3103 764 3179 collyriis,
786 3103 950 3183 emplastris
965 3120 1081 3182 quoque
1095 3100 1144 3161 ad-

143 3187 235 3260 ditur,
247 3187 419 3248 -adhaec
432 3205 564 3247 maxume
580 3185 720 3265 probatur
730 3187 868 3247 Tattaeus
882 3196 928 3246 aut
941 3185 1089 3261 Caunites,
1101 3211 1175 3252 -as

101 3282 152 3332 100
164 3289 201 3329 ex
218 3273 275 3329 ictu
292 3288 364 3329 vero
383 3270 510 3330 subfusis
525 3289 628 3331 cruore
644 3270 735 3330 oculis
752 3271 951 3348 suggillatisve
969 3288 1033 3329 oum
1046 3287 1144 3329 murra

142 3356 204 3429 pari
219 3354 350 3432 pondere
365 3371 400 3412 ac
417 3355 504 3414 melle
520 3363 566 3414 aut
582 3372 644 3413 cum
659 3353 773 3431 hysopo
787 3372 825 3414 ex
839 3372 912 3432 aqua
928 3352 1038 3428 calida,
1053 3362 1143 3431 utque

140 3435 293 3495 foveantur
305 3437 461 3514 salsugine.
490 3437 525 3496 ad
535 3438 608 3498 haec
619 3436 816 3514 Hispaniensis
832 3438 963 3514 cligitur,
980 3444 1143 3515 contraque
