<?xml version="1.0" encoding="UTF-8"?>
<!DOCTYPE html PUBLIC "-//W3C//DTD XHTML 1.0 Transitional//EN"
    "http://www.w3.org/TR/xhtml1/DTD/xhtml1-transitional.dtd">
<html xmlns="http://www.w3.org/1999/xhtml" xml:lang="en" lang="en">
 <head>
  <title>
</title>
<meta http-equiv="Content-Type" content="text/html;charset=utf-8" />
  <meta name='ocr-system' content='tesseract 3.04.00' />
  <meta name='ocr-capabilities' content='ocr_page ocr_carea ocr_par ocr_line ocrx_word'/>
</head>
<body>
  <div class='ocr_page' id='page_1' title='image "./cplinisecundina06plingoog_0319.png"; bbox 0 0 2400 3840; ppageno 0'>
   <div class='ocr_carea' id='block_1_1' title="bbox 145 155 793 219">
    <p class='ocr_par' dir='ltr' id='par_1_1' title="bbox 145 155 793 219">
     <span class='ocr_line' id='line_1_1' title="bbox 145 155 793 219; baseline 0.003 -3"><span class='ocrx_word' id='word_1_1' title='bbox 145 155 207 216; x_wconf 82' lang='lat'>244</span> <span class='ocrx_word' id='word_1_2' title='bbox 481 170 512 219; x_wconf 87' lang='lat' dir='ltr'>c.</span> <span class='ocrx_word' id='word_1_3' title='bbox 529 171 626 217; x_wconf 74' lang='lat' dir='ltr'>aaron</span> <span class='ocrx_word' id='word_1_4' title='bbox 641 169 793 219; x_wconf 77' lang='lat' dir='ltr'>saeuum</span> 
     </span>
    </p>
   </div>
   <div class='ocr_carea' id='block_1_2' title="bbox 101 320 1159 740">
    <p class='ocr_par' dir='ltr' id='par_1_2' title="bbox 101 320 1159 740">
     <span class='ocr_line' id='line_1_2' title="bbox 144 320 1136 405; baseline 0.006 -23"><span class='ocrx_word' id='word_1_5' title='bbox 144 320 207 383; x_wconf 91' lang='lat' dir='ltr'>dam</span> <span class='ocrx_word' id='word_1_6' title='bbox 228 320 383 400; x_wconf 75' lang='lat' dir='ltr'>adalligant</span> <span class='ocrx_word' id='word_1_7' title='bbox 404 343 441 384; x_wconf 88' lang='lat' dir='ltr'>ex</span> <span class='ocrx_word' id='word_1_8' title='bbox 463 324 518 384; x_wconf 90' lang='lat' dir='ltr'>hac</span> <span class='ocrx_word' id='word_1_9' title='bbox 540 341 643 399; x_wconf 89' lang='lat' dir='ltr'>causa,</span> <span class='ocrx_word' id='word_1_10' title='bbox 673 323 724 382; x_wconf 90' lang='lat' dir='ltr'>sed</span> <span class='ocrx_word' id='word_1_11' title='bbox 747 326 914 384; x_wconf 87' lang='lat' dir='ltr'>continuare</span> <span class='ocrx_word' id='word_1_12' title='bbox 941 343 999 385; x_wconf 92' lang='lat' dir='ltr'>non</span> <span class='ocrx_word' id='word_1_13' title='bbox 1019 327 1136 405; x_wconf 92' lang='lat' dir='ltr'>debent,</span> 
     </span>
     <span class='ocr_line' id='line_1_3' title="bbox 101 407 1136 487; baseline 0.002 -17"><span class='ocrx_word' id='word_1_14' title='bbox 101 415 133 470; x_wconf 88' lang='lat'>61</span> <span class='ocrx_word' id='word_1_15' title='bbox 143 407 263 466; x_wconf 89' lang='lat' dir='ltr'>maciem</span> <span class='ocrx_word' id='word_1_16' title='bbox 278 408 352 466; x_wconf 88' lang='lat' dir='ltr'>enim</span> <span class='ocrx_word' id='word_1_17' title='bbox 365 407 444 484; x_wconf 91' lang='lat' dir='ltr'>iacit,</span> <span class='ocrx_word' id='word_1_18' title='bbox 463 409 536 468; x_wconf 89' lang='lat' dir='ltr'>sistit</span> <span class='ocrx_word' id='word_1_19' title='bbox 553 416 581 464; x_wconf 90' lang='lat' dir='ltr'>et</span> <span class='ocrx_word' id='word_1_20' title='bbox 597 415 710 466; x_wconf 92' lang='lat' dir='ltr'>anatum</span> <span class='ocrx_word' id='word_1_21' title='bbox 724 409 915 468; x_wconf 90' lang='lat' dir='ltr'>mascularum</span> <span class='ocrx_word' id='word_1_22' title='bbox 932 413 1059 487; x_wconf 84' lang='lat' dir='ltr'>sanguis.</span> <span class='ocrx_word' id='word_1_23' title='bbox 1092 412 1136 472; x_wconf 95' lang='lat' dir='ltr'>ln·</span> 
     </span>
     <span class='ocr_line' id='line_1_4' title="bbox 142 489 1138 567; baseline 0.006 -17"><span class='ocrx_word' id='word_1_24' title='bbox 142 491 286 550; x_wconf 91' lang='lat' dir='ltr'>llationem</span> <span class='ocrx_word' id='word_1_25' title='bbox 302 491 417 551; x_wconf 78' lang='lat' dir='ltr'><strong>discutit</strong></span> <span class='ocrx_word' id='word_1_26' title='bbox 434 491 598 551; x_wconf 80' lang='lat' dir='ltr'>coclearum</span> <span class='ocrx_word' id='word_1_27' title='bbox 611 489 704 567; x_wconf 89' lang='lat' dir='ltr'>cibus,</span> <span class='ocrx_word' id='word_1_28' title='bbox 721 494 842 551; x_wconf 90' lang='lat' dir='ltr'>tormina</span> <span class='ocrx_word' id='word_1_29' title='bbox 858 493 915 551; x_wconf 87' lang='lat' dir='ltr'>lien</span> <span class='ocrx_word' id='word_1_30' title='bbox 933 495 1028 553; x_wconf 93' lang='lat' dir='ltr'>ovium</span> <span class='ocrx_word' id='word_1_31' title='bbox 1046 504 1138 556; x_wconf 91' lang='lat' dir='ltr'>tostus</span> 
     </span>
     <span class='ocr_line' id='line_1_5' title="bbox 143 573 1137 657; baseline 0.005 -25"><span class='ocrx_word' id='word_1_32' title='bbox 143 583 230 652; x_wconf 88' lang='lat' dir='ltr'>atque</span> <span class='ocrx_word' id='word_1_33' title='bbox 245 592 261 633; x_wconf 92' lang='lat' dir='ltr'>e</span> <span class='ocrx_word' id='word_1_34' title='bbox 275 576 342 634; x_wconf 90' lang='lat' dir='ltr'>viuo</span> <span class='ocrx_word' id='word_1_35' title='bbox 359 583 454 652; x_wconf 90' lang='lat' dir='ltr'>potus,</span> <span class='ocrx_word' id='word_1_36' title='bbox 471 573 621 652; x_wconf 83' lang='lat' dir='ltr'>palumbus</span> <span class='ocrx_word' id='word_1_37' title='bbox 636 573 717 632; x_wconf 87' lang='lat' dir='ltr'>ierus</span> <span class='ocrx_word' id='word_1_38' title='bbox 730 593 768 633; x_wconf 87' lang='lat' dir='ltr'>ex</span> <span class='ocrx_word' id='word_1_39' title='bbox 782 592 873 654; x_wconf 90' lang='lat' dir='ltr'>posca</span> <span class='ocrx_word' id='word_1_40' title='bbox 889 576 1037 654; x_wconf 90' lang='lat' dir='ltr'>decoctus,</span> <span class='ocrx_word' id='word_1_41' title='bbox 1050 576 1137 657; x_wconf 63' lang='lat' dir='ltr'>&#39;adips</span> 
     </span>
     <span class='ocr_line' id='line_1_6' title="bbox 143 656 1159 740; baseline 0.005 -24"><span class='ocrx_word' id='word_1_42' title='bbox 143 657 227 717; x_wconf 91' lang='lat' dir='ltr'>otidis</span> <span class='ocrx_word' id='word_1_43' title='bbox 243 676 281 717; x_wconf 86' lang='lat' dir='ltr'>ex</span> <span class='ocrx_word' id='word_1_44' title='bbox 298 659 383 732; x_wconf 87' lang='lat' dir='ltr'>vino,</span> <span class='ocrx_word' id='word_1_45' title='bbox 400 659 471 717; x_wconf 90' lang='lat' dir='ltr'>cinis</span> <span class='ocrx_word' id='word_1_46' title='bbox 486 656 571 716; x_wconf 79' lang='lat' dir='ltr'>ibidis</span> <span class='ocrx_word' id='word_1_47' title='bbox 586 657 648 715; x_wconf 89' lang='lat' dir='ltr'>sine</span> <span class='ocrx_word' id='word_1_48' title='bbox 665 658 755 736; x_wconf 90' lang='lat' dir='ltr'>pinnis</span> <span class='ocrx_word' id='word_1_49' title='bbox 771 668 916 719; x_wconf 73' lang='lat' dir='ltr'>crematae</span> <span class='ocrx_word' id='word_1_50' title='bbox 936 670 1029 738; x_wconf 91' lang='lat' dir='ltr'>potus.</span> <span class='ocrx_word' id='word_1_51' title='bbox 1060 662 1159 740; x_wconf 84' lang='lat' dir='ltr'>quods</span> 
     </span>
    </p>
   </div>
   <div class='ocr_carea' id='block_1_3' title="bbox 96 740 1173 3497">
    <p class='ocr_par' dir='ltr' id='par_1_3' title="bbox 143 740 1137 824">
     <span class='ocr_line' id='line_1_7' title="bbox 143 740 1137 824; baseline 0.005 -25"><span class='ocrx_word' id='word_1_52' title='bbox 143 750 295 818; x_wconf 87' lang='lat' dir='ltr'>praetcrea</span> <span class='ocrx_word' id='word_1_53' title='bbox 313 741 434 801; x_wconf 81' lang='lat' dir='ltr'>traditur</span> <span class='ocrx_word' id='word_1_54' title='bbox 455 744 483 820; x_wconf 87' lang='lat' dir='ltr'>in</span> <span class='ocrx_word' id='word_1_55' title='bbox 499 740 667 800; x_wconf 80' lang='lat' dir='ltr'>torminibus</span> <span class='ocrx_word' id='word_1_56' title='bbox 685 742 784 801; x_wconf 91' lang='lat' dir='ltr'>mirum</span> <span class='ocrx_word' id='word_1_57' title='bbox 810 752 870 817; x_wconf 91' lang='lat' dir='ltr'>est,</span> <span class='ocrx_word' id='word_1_58' title='bbox 898 753 981 803; x_wconf 90' lang='lat' dir='ltr'>anate</span> <span class='ocrx_word' id='word_1_59' title='bbox 1006 745 1137 824; x_wconf 91' lang='lat' dir='ltr'>adposita</span> 
     </span>
    </p>

    <p class='ocr_par' dir='ltr' id='par_1_4' title="bbox 100 823 1170 1322">
     <span class='ocr_line' id='line_1_8' title="bbox 100 823 1137 902; baseline -0.002 -14"><span class='ocrx_word' id='word_1_60' title='bbox 100 833 134 888; x_wconf 79' lang='lat'>62</span> <span class='ocrx_word' id='word_1_61' title='bbox 144 826 237 884; x_wconf 91' lang='lat' dir='ltr'>ventri</span> <span class='ocrx_word' id='word_1_62' title='bbox 254 825 377 884; x_wconf 90' lang='lat' dir='ltr'>transire</span> <span class='ocrx_word' id='word_1_63' title='bbox 394 823 524 884; x_wconf 89' lang='lat' dir='ltr'>morbum</span> <span class='ocrx_word' id='word_1_64' title='bbox 540 831 710 902; x_wconf 83' lang='lat' dir='ltr'>anatemque</span> <span class='ocrx_word' id='word_1_65' title='bbox 731 825 813 885; x_wconf 91' lang='lat' dir='ltr'>mori.</span> <span class='ocrx_word' id='word_1_66' title='bbox 851 826 985 886; x_wconf 83' lang='lat' dir='ltr'>Tormina</span> <span class='ocrx_word' id='word_1_67' title='bbox 1002 837 1030 886; x_wconf 93' lang='lat' dir='ltr'>et</span> <span class='ocrx_word' id='word_1_68' title='bbox 1050 828 1137 888; x_wconf 91' lang='lat' dir='ltr'>melle</span> 
     </span>
     <span class='ocr_line' id='line_1_9' title="bbox 143 908 1136 986; baseline 0.004 -19"><span class='ocrx_word' id='word_1_69' title='bbox 143 916 276 967; x_wconf 87' lang='lat' dir='ltr'>curantur</span> <span class='ocrx_word' id='word_1_70' title='bbox 292 910 322 966; x_wconf 93' lang='lat' dir='ltr'>in</span> <span class='ocrx_word' id='word_1_71' title='bbox 337 925 394 985; x_wconf 91' lang='lat' dir='ltr'>quo</span> <span class='ocrx_word' id='word_1_72' title='bbox 406 917 471 968; x_wconf 89' lang='lat' dir='ltr'>sunt</span> <span class='ocrx_word' id='word_1_73' title='bbox 486 925 556 986; x_wconf 91' lang='lat' dir='ltr'>apes</span> <span class='ocrx_word' id='word_1_74' title='bbox 575 916 722 968; x_wconf 87' lang='lat' dir='ltr'>emortuae</span> <span class='ocrx_word' id='word_1_75' title='bbox 742 908 876 968; x_wconf 89' lang='lat' dir='ltr'>decocto.</span> <span class='ocrx_word' id='word_1_76' title='bbox 910 911 967 970; x_wconf 93' lang='lat' dir='ltr'>coli</span> <span class='ocrx_word' id='word_1_77' title='bbox 983 912 1080 970; x_wconf 93' lang='lat' dir='ltr'>vitium</span> <span class='ocrx_word' id='word_1_78' title='bbox 1096 912 1136 970; x_wconf 90' lang='lat' dir='ltr'>ei·</span> 
     </span>
     <span class='ocr_line' id='line_1_10' title="bbox 141 991 1137 1073; baseline 0.003 -23"><span class='ocrx_word' id='word_1_79' title='bbox 141 992 313 1050; x_wconf 88' lang='lat' dir='ltr'>iicacissime</span> <span class='ocrx_word' id='word_1_80' title='bbox 327 991 442 1051; x_wconf 80' lang='lat' dir='ltr'>sanatur</span> <span class='ocrx_word' id='word_1_81' title='bbox 457 1008 512 1051; x_wconf 87' lang='lat' dir='ltr'>ave</span> <span class='ocrx_word' id='word_1_82' title='bbox 527 991 650 1068; x_wconf 81' lang='lat' dir='ltr'>galerita</span> <span class='ocrx_word' id='word_1_83' title='bbox 666 1009 732 1052; x_wconf 89' lang='lat' dir='ltr'>assa</span> <span class='ocrx_word' id='word_1_84' title='bbox 747 994 776 1050; x_wconf 92' lang='lat' dir='ltr'>in</span> <span class='ocrx_word' id='word_1_85' title='bbox 794 992 860 1052; x_wconf 87' lang='lat' dir='ltr'>cibo</span> <span class='ocrx_word' id='word_1_86' title='bbox 876 1002 999 1071; x_wconf 88' lang='lat' dir='ltr'>sumpta.</span> <span class='ocrx_word' id='word_1_87' title='bbox 1024 995 1137 1073; x_wconf 91' lang='lat' dir='ltr'>quidam</span> 
     </span>
     <span class='ocr_line' id='line_1_11' title="bbox 141 1074 1170 1155; baseline 0.004 -22"><span class='ocrx_word' id='word_1_88' title='bbox 141 1077 169 1133; x_wconf 93' lang='lat' dir='ltr'>in</span> <span class='ocrx_word' id='word_1_89' title='bbox 185 1092 255 1133; x_wconf 87' lang='lat' dir='ltr'>vase</span> <span class='ocrx_word' id='word_1_90' title='bbox 271 1090 349 1134; x_wconf 88' lang='lat' dir='ltr'>noro</span> <span class='ocrx_word' id='word_1_91' title='bbox 369 1093 433 1134; x_wconf 92' lang='lat' dir='ltr'>cum</span> <span class='ocrx_word' id='word_1_92' title='bbox 445 1075 549 1153; x_wconf 82' lang='lat' dir='ltr'>plumis</span> <span class='ocrx_word' id='word_1_93' title='bbox 566 1075 649 1133; x_wconf 82' lang='lat' dir='ltr'>exuri</span> <span class='ocrx_word' id='word_1_94' title='bbox 663 1074 761 1135; x_wconf 89' lang='lat' dir='ltr'>iubent</span> <span class='ocrx_word' id='word_1_95' title='bbox 777 1078 948 1155; x_wconf 90' lang='lat' dir='ltr'>conterique</span> <span class='ocrx_word' id='word_1_96' title='bbox 966 1080 994 1137; x_wconf 92' lang='lat' dir='ltr'>in</span> <span class='ocrx_word' id='word_1_97' title='bbox 1009 1082 1136 1138; x_wconf 89' lang='lat' dir='ltr'>cinerem</span> <span class='ocrx_word' id='word_1_98' title='bbox 1146 1097 1170 1138; x_wconf 89' lang='grc' dir='ltr'>ιι</span> 
     </span>
     <span class='ocr_line' id='line_1_12' title="bbox 140 1156 1137 1240; baseline 0.005 -25"><span class='ocrx_word' id='word_1_99' title='bbox 140 1156 257 1236; x_wconf 87' lang='lat' dir='ltr'>hibique</span> <span class='ocrx_word' id='word_1_100' title='bbox 276 1176 313 1217; x_wconf 83' lang='lat' dir='ltr'>ex</span> <span class='ocrx_word' id='word_1_101' title='bbox 328 1176 403 1237; x_wconf 91' lang='lat' dir='ltr'>aqua</span> <span class='ocrx_word' id='word_1_102' title='bbox 420 1157 602 1218; x_wconf 88' lang='lat' dir='ltr'>coclearibus</span> <span class='ocrx_word' id='word_1_103' title='bbox 617 1160 708 1217; x_wconf 90' lang='lat' dir='ltr'>ternis</span> <span class='ocrx_word' id='word_1_104' title='bbox 729 1176 783 1238; x_wconf 91' lang='lat' dir='ltr'>per</span> <span class='ocrx_word' id='word_1_105' title='bbox 807 1162 1001 1238; x_wconf 86' lang='lat' dir='ltr'>quatriduum,</span> <span class='ocrx_word' id='word_1_106' title='bbox 1024 1162 1137 1240; x_wconf 91' lang='lat' dir='ltr'>quidam</span> 
     </span>
     <span class='ocr_line' id='line_1_13' title="bbox 142 1241 1135 1322; baseline 0.004 -21"><span class='ocrx_word' id='word_1_107' title='bbox 142 1258 194 1301; x_wconf 92' lang='lat' dir='ltr'>cor</span> <span class='ocrx_word' id='word_1_108' title='bbox 209 1242 272 1300; x_wconf 91' lang='lat' dir='ltr'>eius</span> <span class='ocrx_word' id='word_1_109' title='bbox 288 1241 439 1320; x_wconf 85' lang='lat' dir='ltr'>adalligari</span> <span class='ocrx_word' id='word_1_110' title='bbox 454 1242 562 1320; x_wconf 84' lang='lat' dir='ltr'>femini,</span> <span class='ocrx_word' id='word_1_111' title='bbox 579 1242 627 1302; x_wconf 88' lang='lat' dir='ltr'>alii</span> <span class='ocrx_word' id='word_1_112' title='bbox 642 1259 748 1302; x_wconf 86' lang='lat' dir='ltr'>reeens</span> <span class='ocrx_word' id='word_1_113' title='bbox 762 1253 923 1322; x_wconf 88' lang='lat' dir='ltr'>tepensque</span> <span class='ocrx_word' id='word_1_114' title='bbox 941 1244 1033 1305; x_wconf 90' lang='lat' dir='ltr'>adbuc</span> <span class='ocrx_word' id='word_1_115' title='bbox 1047 1245 1135 1305; x_wconf 86' lang='lat' dir='ltr'>devo·</span> 
     </span>
    </p>

    <p class='ocr_par' dir='ltr' id='par_1_5' title="bbox 98 1325 1169 1821">
     <span class='ocr_line' id='line_1_14' title="bbox 98 1325 1135 1408; baseline 0.001 -23"><span class='ocrx_word' id='word_1_116' title='bbox 98 1331 133 1387; x_wconf 83' lang='grc'>63</span> <span class='ocrx_word' id='word_1_117' title='bbox 141 1325 207 1384; x_wconf 90' lang='lat' dir='ltr'>rari.</span> <span class='ocrx_word' id='word_1_118' title='bbox 241 1326 401 1386; x_wconf 89' lang='lat' dir='ltr'>consularis</span> <span class='ocrx_word' id='word_1_119' title='bbox 415 1326 609 1406; x_wconf 79' lang='lat' dir='ltr'>Asprenatunr</span> <span class='ocrx_word' id='word_1_120' title='bbox 625 1325 725 1386; x_wconf 89' lang='lat' dir='ltr'>domus</span> <span class='ocrx_word' id='word_1_121' title='bbox 742 1336 787 1386; x_wconf 90' lang='lat' dir='ltr'>est</span> <span class='ocrx_word' id='word_1_122' title='bbox 802 1329 830 1386; x_wconf 92' lang='lat' dir='ltr'>iu</span> <span class='ocrx_word' id='word_1_123' title='bbox 846 1345 901 1408; x_wconf 92' lang='lat' dir='ltr'>qua</span> <span class='ocrx_word' id='word_1_124' title='bbox 917 1328 994 1400; x_wconf 84' lang='lat' dir='ltr'>alter</span> <span class='ocrx_word' id='word_1_125' title='bbox 1009 1347 1026 1387; x_wconf 91' lang='lat' dir='ltr'>e</span> <span class='ocrx_word' id='word_1_126' title='bbox 1042 1329 1135 1389; x_wconf 90' lang='lat' dir='ltr'>iratri-</span> 
     </span>
     <span class='ocr_line' id='line_1_15' title="bbox 139 1407 1135 1490; baseline 0.003 -23"><span class='ocrx_word' id='word_1_127' title='bbox 139 1407 193 1468; x_wconf 85' lang='lat' dir='ltr'>bus</span> <span class='ocrx_word' id='word_1_128' title='bbox 210 1409 277 1469; x_wconf 91' lang='lat' dir='ltr'>colo</span> <span class='ocrx_word' id='word_1_129' title='bbox 292 1409 431 1471; x_wconf 90' lang='lat' dir='ltr'>liberatus</span> <span class='ocrx_word' id='word_1_130' title='bbox 448 1421 493 1470; x_wconf 91' lang='lat' dir='ltr'>est</span> <span class='ocrx_word' id='word_1_131' title='bbox 509 1429 563 1471; x_wconf 85' lang='lat' dir='ltr'>ave</span> <span class='ocrx_word' id='word_1_132' title='bbox 579 1410 634 1471; x_wconf 90' lang='lat' dir='ltr'>hac</span> <span class='ocrx_word' id='word_1_133' title='bbox 649 1412 678 1468; x_wconf 92' lang='lat' dir='ltr'>in</span> <span class='ocrx_word' id='word_1_134' title='bbox 694 1409 759 1469; x_wconf 90' lang='lat' dir='ltr'>cibo</span> <span class='ocrx_word' id='word_1_135' title='bbox 782 1419 895 1490; x_wconf 89' lang='lat' dir='ltr'>sumpta</span> <span class='ocrx_word' id='word_1_136' title='bbox 917 1421 945 1470; x_wconf 93' lang='lat' dir='ltr'>et</span> <span class='ocrx_word' id='word_1_137' title='bbox 967 1412 1056 1472; x_wconf 90' lang='lat' dir='ltr'>corde</span> <span class='ocrx_word' id='word_1_138' title='bbox 1074 1415 1135 1470; x_wconf 92' lang='lat' dir='ltr'>eius</span> 
     </span>
     <span class='ocr_line' id='line_1_16' title="bbox 140 1492 1169 1572; baseline -0.005 -20"><span class='ocrx_word' id='word_1_139' title='bbox 140 1492 251 1552; x_wconf 89' lang='lat' dir='ltr'>armilla</span> <span class='ocrx_word' id='word_1_140' title='bbox 274 1511 360 1555; x_wconf 91' lang='lat' dir='ltr'>aurea</span> <span class='ocrx_word' id='word_1_141' title='bbox 375 1494 506 1571; x_wconf 89' lang='lat' dir='ltr'>incluso,</span> <span class='ocrx_word' id='word_1_142' title='bbox 528 1494 602 1554; x_wconf 87' lang='lat' dir='ltr'>alter</span> <span class='ocrx_word' id='word_1_143' title='bbox 622 1493 766 1554; x_wconf 89' lang='lat' dir='ltr'>sacrificio</span> <span class='ocrx_word' id='word_1_144' title='bbox 789 1493 913 1572; x_wconf 90' lang='lat' dir='ltr'>quodam</span> <span class='ocrx_word' id='word_1_145' title='bbox 939 1495 1016 1555; x_wconf 90' lang='lat' dir='ltr'>iacto</span> <span class='ocrx_word' id='word_1_146' title='bbox 1041 1495 1169 1555; x_wconf 83' lang='lat' dir='ltr'>crudisrs</span> 
     </span>
     <span class='ocr_line' id='line_1_17' title="bbox 139 1576 1136 1656; baseline 0.001 -21"><span class='ocrx_word' id='word_1_147' title='bbox 139 1576 287 1636; x_wconf 89' lang='lat' dir='ltr'>laterculis</span> <span class='ocrx_word' id='word_1_148' title='bbox 307 1577 343 1637; x_wconf 92' lang='lat' dir='ltr'>ad</span> <span class='ocrx_word' id='word_1_149' title='bbox 360 1578 479 1637; x_wconf 81' lang='lat' dir='ltr'>formam</span> <span class='ocrx_word' id='word_1_150' title='bbox 495 1578 597 1638; x_wconf 90' lang='lat' dir='ltr'>camini</span> <span class='ocrx_word' id='word_1_151' title='bbox 615 1586 720 1655; x_wconf 89' lang='lat' dir='ltr'>atque,</span> <span class='ocrx_word' id='word_1_152' title='bbox 744 1585 775 1636; x_wconf 90' lang='lat' dir='ltr'>ut</span> <span class='ocrx_word' id='word_1_153' title='bbox 796 1579 967 1638; x_wconf 86' lang='lat' dir='ltr'>sacrificium</span> <span class='ocrx_word' id='word_1_154' title='bbox 990 1588 1136 1656; x_wconf 87' lang='lat' dir='ltr'>peractum</span> 
     </span>
     <span class='ocr_line' id='line_1_18' title="bbox 142 1659 1136 1736; baseline 0.002 -18"><span class='ocrx_word' id='word_1_155' title='bbox 142 1669 214 1736; x_wconf 88' lang='lat' dir='ltr'>erat,</span> <span class='ocrx_word' id='word_1_156' title='bbox 227 1659 377 1720; x_wconf 88' lang='lat' dir='ltr'>obstructo</span> <span class='ocrx_word' id='word_1_157' title='bbox 390 1660 512 1720; x_wconf 91' lang='lat' dir='ltr'>sacello.</span> <span class='ocrx_word' id='word_1_158' title='bbox 529 1659 620 1720; x_wconf 92' lang='lat' dir='ltr'>Unum</span> <span class='ocrx_word' id='word_1_159' title='bbox 633 1669 678 1718; x_wconf 91' lang='lat' dir='ltr'>est</span> <span class='ocrx_word' id='word_1_160' title='bbox 690 1661 836 1735; x_wconf 74' lang='lat' dir='ltr'>ossifrago</span> <span class='ocrx_word' id='word_1_161' title='bbox 849 1663 1010 1720; x_wconf 89' lang='lat' dir='ltr'>intestinum</span> <span class='ocrx_word' id='word_1_162' title='bbox 1023 1662 1136 1722; x_wconf 91' lang='lat' dir='ltr'>mirabi-</span> 
     </span>
     <span class='ocr_line' id='line_1_19' title="bbox 139 1741 1138 1821; baseline 0.002 -19"><span class='ocrx_word' id='word_1_163' title='bbox 139 1743 160 1802; x_wconf 91' lang='lat' dir='ltr'>li</span> <span class='ocrx_word' id='word_1_164' title='bbox 176 1751 277 1803; x_wconf 88' lang='lat' dir='ltr'>natura</span> <span class='ocrx_word' id='word_1_165' title='bbox 291 1745 384 1803; x_wconf 91' lang='lat' dir='ltr'>omnia</span> <span class='ocrx_word' id='word_1_166' title='bbox 401 1742 540 1803; x_wconf 83' lang='lat' dir='ltr'>devorata</span> <span class='ocrx_word' id='word_1_167' title='bbox 557 1743 731 1802; x_wconf 85' lang='lat' dir='ltr'>conficienti.</span> <span class='ocrx_word' id='word_1_168' title='bbox 761 1741 844 1801; x_wconf 90' lang='lat' dir='ltr'>huius</span> <span class='ocrx_word' id='word_1_169' title='bbox 857 1753 968 1821; x_wconf 91' lang='lat' dir='ltr'>partem</span> <span class='ocrx_word' id='word_1_170' title='bbox 979 1754 1138 1804; x_wconf 86' lang='lat' dir='ltr'>extremam</span> 
     </span>
    </p>

    <p class='ocr_par' dir='ltr' id='par_1_6' title="bbox 97 1824 1171 2556">
     <span class='ocr_line' id='line_1_20' title="bbox 97 1824 1137 1904; baseline -0.004 -14"><span class='ocrx_word' id='word_1_171' title='bbox 97 1835 132 1890; x_wconf 84' lang='grc'>64</span> <span class='ocrx_word' id='word_1_172' title='bbox 143 1824 325 1902; x_wconf 77' lang='lat' dir='ltr'>adalligatam</span> <span class='ocrx_word' id='word_1_173' title='bbox 341 1827 484 1904; x_wconf 85' lang='lat' dir='ltr'>prodesse</span> <span class='ocrx_word' id='word_1_174' title='bbox 500 1835 601 1886; x_wconf 88' lang='lat' dir='ltr'>contra</span> <span class='ocrx_word' id='word_1_175' title='bbox 621 1824 715 1885; x_wconf 88' lang='lat' dir='ltr'>colum</span> <span class='ocrx_word' id='word_1_176' title='bbox 731 1832 853 1885; x_wconf 89' lang='lat' dir='ltr'>constat.</span> <span class='ocrx_word' id='word_1_177' title='bbox 887 1826 958 1885; x_wconf 87' lang='lat' dir='ltr'>Sunt</span> <span class='ocrx_word' id='word_1_178' title='bbox 973 1827 1080 1885; x_wconf 88' lang='lat' dir='ltr'>occulti</span> <span class='ocrx_word' id='word_1_179' title='bbox 1096 1829 1137 1886; x_wconf 93' lang='lat' dir='ltr'>in·</span> 
     </span>
     <span class='ocr_line' id='line_1_21' title="bbox 140 1908 1171 1989; baseline 0 -19"><span class='ocrx_word' id='word_1_180' title='bbox 140 1920 322 1970; x_wconf 89' lang='lat' dir='ltr'>teraneorum</span> <span class='ocrx_word' id='word_1_181' title='bbox 343 1910 436 1971; x_wconf 89' lang='lat' dir='ltr'>morbi</span> <span class='ocrx_word' id='word_1_182' title='bbox 458 1908 493 1970; x_wconf 92' lang='lat' dir='ltr'>de</span> <span class='ocrx_word' id='word_1_183' title='bbox 510 1909 611 1989; x_wconf 88' lang='lat' dir='ltr'>quihus</span> <span class='ocrx_word' id='word_1_184' title='bbox 628 1911 728 1968; x_wconf 88' lang='lat' dir='ltr'>mirum</span> <span class='ocrx_word' id='word_1_185' title='bbox 744 1908 883 1986; x_wconf 90' lang='lat' dir='ltr'>proditur.</span> <span class='ocrx_word' id='word_1_186' title='bbox 903 1910 927 1968; x_wconf 92' lang='lat' dir='ltr'>si</span> <span class='ocrx_word' id='word_1_187' title='bbox 942 1909 1028 1969; x_wconf 91' lang='lat' dir='ltr'>catuli</span> <span class='ocrx_word' id='word_1_188' title='bbox 1044 1912 1171 1987; x_wconf 78' lang='lat' dir='ltr'>prins-ro</span> 
     </span>
     <span class='ocr_line' id='line_1_22' title="bbox 139 1993 1137 2074; baseline 0 -21"><span class='ocrx_word' id='word_1_189' title='bbox 139 1994 348 2073; x_wconf 87' lang='lat' dir='ltr'>quamvideant</span> <span class='ocrx_word' id='word_1_190' title='bbox 359 1994 540 2074; x_wconf 87' lang='lat' dir='ltr'>adplicentur</span> <span class='ocrx_word' id='word_1_191' title='bbox 554 1993 648 2054; x_wconf 90' lang='lat' dir='ltr'>triduo</span> <span class='ocrx_word' id='word_1_192' title='bbox 666 1993 815 2053; x_wconf 89' lang='lat' dir='ltr'>stomacho</span> <span class='ocrx_word' id='word_1_193' title='bbox 828 2010 958 2053; x_wconf 86' lang='lat' dir='ltr'>maxume</span> <span class='ocrx_word' id='word_1_194' title='bbox 971 2010 1005 2053; x_wconf 91' lang='lat' dir='ltr'>ao</span> <span class='ocrx_word' id='word_1_195' title='bbox 1022 1997 1137 2071; x_wconf 89' lang='lat' dir='ltr'>pectori</span> 
     </span>
     <span class='ocr_line' id='line_1_23' title="bbox 139 2077 1136 2156; baseline -0.002 -18"><span class='ocrx_word' id='word_1_196' title='bbox 139 2087 169 2138; x_wconf 92' lang='lat' dir='ltr'>et</span> <span class='ocrx_word' id='word_1_197' title='bbox 187 2097 224 2138; x_wconf 87' lang='lat' dir='ltr'>ex</span> <span class='ocrx_word' id='word_1_198' title='bbox 239 2096 291 2138; x_wconf 92' lang='lat' dir='ltr'>ore</span> <span class='ocrx_word' id='word_1_199' title='bbox 306 2079 389 2155; x_wconf 81' lang='lat' dir='ltr'>aegri</span> <span class='ocrx_word' id='word_1_200' title='bbox 404 2086 515 2138; x_wconf 89' lang='lat' dir='ltr'>suctum</span> <span class='ocrx_word' id='word_1_201' title='bbox 532 2077 616 2138; x_wconf 91' lang='lat' dir='ltr'>lactis</span> <span class='ocrx_word' id='word_1_202' title='bbox 638 2077 798 2156; x_wconf 86' lang='lat' dir='ltr'>accipiant,</span> <span class='ocrx_word' id='word_1_203' title='bbox 820 2077 943 2137; x_wconf 88' lang='lat' dir='ltr'>transire</span> <span class='ocrx_word' id='word_1_204' title='bbox 960 2079 1017 2136; x_wconf 89' lang='lat' dir='ltr'>vim</span> <span class='ocrx_word' id='word_1_205' title='bbox 1032 2078 1136 2154; x_wconf 90' lang='lat' dir='ltr'>morbi,</span> 
     </span>
     <span class='ocr_line' id='line_1_24' title="bbox 138 2160 1137 2241; baseline 0.001 -21"><span class='ocrx_word' id='word_1_206' title='bbox 138 2171 288 2241; x_wconf 88' lang='lat' dir='ltr'>postremo</span> <span class='ocrx_word' id='word_1_207' title='bbox 313 2163 468 2221; x_wconf 81' lang='lat' dir='ltr'>exanimari</span> <span class='ocrx_word' id='word_1_208' title='bbox 495 2161 688 2238; x_wconf 88' lang='lat' dir='ltr'>dissectisque</span> <span class='ocrx_word' id='word_1_209' title='bbox 712 2160 807 2238; x_wconf 88' lang='lat' dir='ltr'>palam</span> <span class='ocrx_word' id='word_1_210' title='bbox 832 2161 895 2220; x_wconf 89' lang='lat' dir='ltr'>lieri</span> <span class='ocrx_word' id='word_1_211' title='bbox 925 2162 1007 2238; x_wconf 84' lang='lat' dir='ltr'>aegri</span> <span class='ocrx_word' id='word_1_212' title='bbox 1034 2179 1137 2221; x_wconf 89' lang='lat' dir='ltr'>causas</span> 
     </span>
     <span class='ocr_line' id='line_1_25' title="bbox 137 2243 1136 2323; baseline -0.001 -20"><span class='ocrx_word' id='word_1_213' title='bbox 137 2243 241 2320; x_wconf 85' lang='lat' dir='ltr'>morbi,</span> <span class='ocrx_word' id='word_1_214' title='bbox 259 2252 289 2303; x_wconf 94' lang='lat' dir='ltr'>et</span> <span class='ocrx_word' id='word_1_215' title='bbox 299 2244 409 2304; x_wconf 91' lang='lat' dir='ltr'>humari</span> <span class='ocrx_word' id='word_1_216' title='bbox 424 2243 533 2304; x_wconf 89' lang='lat' dir='ltr'>debere</span> <span class='ocrx_word' id='word_1_217' title='bbox 548 2261 600 2303; x_wconf 88' lang='lat' dir='ltr'>eos</span> <span class='ocrx_word' id='word_1_218' title='bbox 611 2243 731 2303; x_wconf 88' lang='lat' dir='ltr'>obrutos</span> <span class='ocrx_word' id='word_1_219' title='bbox 746 2253 833 2303; x_wconf 88' lang='lat' dir='ltr'>terra.</span> <span class='ocrx_word' id='word_1_220' title='bbox 865 2244 943 2321; x_wconf 83' lang='lat' dir='ltr'>hlagi</span> <span class='ocrx_word' id='word_1_221' title='bbox 955 2244 1070 2323; x_wconf 90' lang='lat' dir='ltr'>quidem</span> <span class='ocrx_word' id='word_1_222' title='bbox 1086 2262 1136 2303; x_wconf 90' lang='lat' dir='ltr'>ve-</span> 
     </span>
     <span class='ocr_line' id='line_1_26' title="bbox 138 2326 1169 2407; baseline -0.004 -20"><span class='ocrx_word' id='word_1_223' title='bbox 138 2328 317 2407; x_wconf 88' lang='lat' dir='ltr'>spertilionis</span> <span class='ocrx_word' id='word_1_224' title='bbox 331 2326 470 2404; x_wconf 80' lang='lat' dir='ltr'>sanguine</span> <span class='ocrx_word' id='word_1_225' title='bbox 488 2335 622 2388; x_wconf 91' lang='lat' dir='ltr'>contacto</span> <span class='ocrx_word' id='word_1_226' title='bbox 637 2335 741 2386; x_wconf 81' lang='lat' dir='ltr'>ventre</span> <span class='ocrx_word' id='word_1_227' title='bbox 757 2328 786 2386; x_wconf 96' lang='lat' dir='ltr'>in</span> <span class='ocrx_word' id='word_1_228' title='bbox 797 2335 857 2386; x_wconf 93' lang='lat' dir='ltr'>toto</span> <span class='ocrx_word' id='word_1_229' title='bbox 875 2345 949 2388; x_wconf 90' lang='lat' dir='ltr'>anno</span> <span class='ocrx_word' id='word_1_230' title='bbox 966 2330 1064 2388; x_wconf 89' lang='lat' dir='ltr'>caveri</span> <span class='ocrx_word' id='word_1_231' title='bbox 1079 2337 1169 2389; x_wconf 82' lang='lat' dir='ltr'>tra-rs</span> 
     </span>
     <span class='ocr_line' id='line_1_27' title="bbox 139 2410 1136 2490; baseline -0.003 -17"><span class='ocrx_word' id='word_1_232' title='bbox 139 2413 218 2488; x_wconf 92' lang='lat' dir='ltr'>dunt,</span> <span class='ocrx_word' id='word_1_233' title='bbox 232 2422 279 2472; x_wconf 94' lang='lat' dir='ltr'>aut</span> <span class='ocrx_word' id='word_1_234' title='bbox 293 2413 322 2471; x_wconf 94' lang='lat' dir='ltr'>in</span> <span class='ocrx_word' id='word_1_235' title='bbox 337 2411 440 2473; x_wconf 89' lang='lat' dir='ltr'>dolore</span> <span class='ocrx_word' id='word_1_236' title='bbox 456 2412 480 2471; x_wconf 92' lang='lat' dir='ltr'>si</span> <span class='ocrx_word' id='word_1_237' title='bbox 497 2411 561 2490; x_wconf 92' lang='lat' dir='ltr'>quis</span> <span class='ocrx_word' id='word_1_238' title='bbox 577 2429 679 2489; x_wconf 91' lang='lat' dir='ltr'>aquam</span> <span class='ocrx_word' id='word_1_239' title='bbox 695 2429 748 2489; x_wconf 89' lang='lat' dir='ltr'>per</span> <span class='ocrx_word' id='word_1_240' title='bbox 765 2410 857 2490; x_wconf 86' lang='lat' dir='ltr'>pedes</span> <span class='ocrx_word' id='word_1_241' title='bbox 872 2411 1007 2471; x_wconf 88' lang='lat' dir='ltr'>liuentem</span> <span class='ocrx_word' id='word_1_242' title='bbox 1019 2411 1136 2471; x_wconf 89' lang='lat' dir='ltr'>haurire</span> 
     </span>
     <span class='ocr_line' id='line_1_28' title="bbox 139 2498 520 2556; baseline -0.008 0"><span class='ocrx_word' id='word_1_243' title='bbox 139 2498 287 2556; x_wconf 90' lang='lat' dir='ltr'>sustineat.</span> <span class='ocrx_word' id='word_1_244' title='bbox 514 2515 520 2524; x_wconf 80' lang='grc'><em>’</em></span> 
     </span>
    </p>

    <p class='ocr_par' dir='ltr' id='par_1_7' title="bbox 96 2577 1170 3079">
     <span class='ocr_line' id='line_1_29' title="bbox 96 2577 1136 2659; baseline -0.01 -13"><span class='ocrx_word' id='word_1_245' title='bbox 96 2591 129 2646; x_wconf 81' lang='lat'>65</span> <span class='ocrx_word' id='word_1_246' title='bbox 193 2581 222 2643; x_wconf 89' lang='lat'>8.</span> <span class='ocrx_word' id='word_1_247' title='bbox 245 2579 328 2659; x_wconf 81' lang='lat'>(21.)</span> <span class='ocrx_word' id='word_1_248' title='bbox 350 2579 462 2641; x_wconf 87' lang='lat' dir='ltr'>hluriuo</span> <span class='ocrx_word' id='word_1_249' title='bbox 490 2580 556 2639; x_wconf 90' lang='lat' dir='ltr'>hmo</span> <span class='ocrx_word' id='word_1_250' title='bbox 584 2586 686 2639; x_wconf 89' lang='lat' dir='ltr'>contra</span> <span class='ocrx_word' id='word_1_251' title='bbox 706 2578 837 2638; x_wconf 88' lang='lat' dir='ltr'>calculos</span> <span class='ocrx_word' id='word_1_252' title='bbox 864 2577 986 2637; x_wconf 90' lang='lat' dir='ltr'>inlinere</span> <span class='ocrx_word' id='word_1_253' title='bbox 1006 2586 1136 2637; x_wconf 90' lang='lat' dir='ltr'>reutrem</span> 
     </span>
     <span class='ocr_line' id='line_1_30' title="bbox 139 2660 1136 2744; baseline -0.006 -19"><span class='ocrx_word' id='word_1_254' title='bbox 139 2664 269 2744; x_wconf 89' lang='lat' dir='ltr'>prodest.</span> <span class='ocrx_word' id='word_1_255' title='bbox 294 2663 426 2724; x_wconf 89' lang='lat' dir='ltr'>lrenacei</span> <span class='ocrx_word' id='word_1_256' title='bbox 443 2661 558 2723; x_wconf 88' lang='lat' dir='ltr'>carnem</span> <span class='ocrx_word' id='word_1_257' title='bbox 571 2661 721 2723; x_wconf 88' lang='lat' dir='ltr'>iucundam</span> <span class='ocrx_word' id='word_1_258' title='bbox 736 2679 804 2721; x_wconf 90' lang='lat' dir='ltr'>esse</span> <span class='ocrx_word' id='word_1_259' title='bbox 819 2661 906 2739; x_wconf 91' lang='lat' dir='ltr'>aiunt,</span> <span class='ocrx_word' id='word_1_260' title='bbox 919 2660 944 2721; x_wconf 92' lang='lat' dir='ltr'>si</span> <span class='ocrx_word' id='word_1_261' title='bbox 959 2661 1054 2740; x_wconf 91' lang='lat' dir='ltr'>capite</span> <span class='ocrx_word' id='word_1_262' title='bbox 1070 2678 1136 2738; x_wconf 90' lang='lat' dir='ltr'>per·</span> 
     </span>
     <span class='ocr_line' id='line_1_31' title="bbox 139 2743 1170 2825; baseline -0.005 -16"><span class='ocrx_word' id='word_1_263' title='bbox 139 2764 225 2809; x_wconf 91' lang='lat' dir='ltr'>cusso</span> <span class='ocrx_word' id='word_1_264' title='bbox 243 2764 299 2807; x_wconf 93' lang='lat' dir='ltr'>uno</span> <span class='ocrx_word' id='word_1_265' title='bbox 316 2749 374 2807; x_wconf 88' lang='lat' dir='ltr'>ictu</span> <span class='ocrx_word' id='word_1_266' title='bbox 394 2747 582 2807; x_wconf 78' lang='lat' dir='ltr'>interficiatur</span> <span class='ocrx_word' id='word_1_267' title='bbox 597 2748 677 2825; x_wconf 90' lang='lat' dir='ltr'>prius</span> <span class='ocrx_word' id='word_1_268' title='bbox 694 2762 776 2822; x_wconf 91' lang='lat' dir='ltr'>quam</span> <span class='ocrx_word' id='word_1_269' title='bbox 794 2746 821 2804; x_wconf 92' lang='lat' dir='ltr'>in</span> <span class='ocrx_word' id='word_1_270' title='bbox 843 2762 877 2804; x_wconf 91' lang='lat' dir='ltr'>se</span> <span class='ocrx_word' id='word_1_271' title='bbox 897 2745 1005 2804; x_wconf 89' lang='lat' dir='ltr'>urinam</span> <span class='ocrx_word' id='word_1_272' title='bbox 1025 2743 1170 2804; x_wconf 72' lang='lat' dir='ltr'>reddatis</span> 
     </span>
     <span class='ocr_line' id='line_1_32' title="bbox 138 2828 1136 2903; baseline -0.008 -10"><span class='ocrx_word' id='word_1_273' title='bbox 138 2832 211 2893; x_wconf 86' lang='lat' dir='ltr'>baec</span> <span class='ocrx_word' id='word_1_274' title='bbox 225 2846 293 2890; x_wconf 90' lang='lat' dir='ltr'>caro</span> <span class='ocrx_word' id='word_1_275' title='bbox 310 2830 346 2891; x_wconf 92' lang='lat' dir='ltr'>ad</span> <span class='ocrx_word' id='word_1_276' title='bbox 362 2831 437 2890; x_wconf 91' lang='lat' dir='ltr'>hunc</span> <span class='ocrx_word' id='word_1_277' title='bbox 448 2829 563 2890; x_wconf 91' lang='lat' dir='ltr'>modum</span> <span class='ocrx_word' id='word_1_278' title='bbox 575 2829 667 2889; x_wconf 90' lang='lat' dir='ltr'>occisi</span> <span class='ocrx_word' id='word_1_279' title='bbox 682 2828 826 2889; x_wconf 88' lang='lat' dir='ltr'>stillicidia</span> <span class='ocrx_word' id='word_1_280' title='bbox 838 2831 866 2887; x_wconf 92' lang='lat' dir='ltr'>in</span> <span class='ocrx_word' id='word_1_281' title='bbox 878 2829 978 2888; x_wconf 89' lang='lat' dir='ltr'>vesica</span> <span class='ocrx_word' id='word_1_282' title='bbox 994 2828 1136 2903; x_wconf 89' lang='lat' dir='ltr'>emendat,</span> 
     </span>
     <span class='ocr_line' id='line_1_33' title="bbox 138 2910 1137 2990; baseline -0.005 -15"><span class='ocrx_word' id='word_1_283' title='bbox 138 2918 204 2976; x_wconf 90' lang='lat' dir='ltr'>item</span> <span class='ocrx_word' id='word_1_284' title='bbox 223 2915 335 2975; x_wconf 87' lang='lat' dir='ltr'>suilitus</span> <span class='ocrx_word' id='word_1_285' title='bbox 350 2932 387 2973; x_wconf 86' lang='lat' dir='ltr'>err</span> <span class='ocrx_word' id='word_1_286' title='bbox 403 2913 518 2974; x_wconf 63' lang='lat' dir='ltr'>eodemss</span> <span class='ocrx_word' id='word_1_287' title='bbox 548 2910 665 2990; x_wconf 91' lang='lat' dir='ltr'>quodsi</span> <span class='ocrx_word' id='word_1_288' title='bbox 684 2911 793 2971; x_wconf 91' lang='lat' dir='ltr'>urinam</span> <span class='ocrx_word' id='word_1_289' title='bbox 803 2913 832 2970; x_wconf 93' lang='lat' dir='ltr'>in</span> <span class='ocrx_word' id='word_1_290' title='bbox 848 2928 881 2970; x_wconf 90' lang='lat' dir='ltr'>se</span> <span class='ocrx_word' id='word_1_291' title='bbox 897 2911 1065 2989; x_wconf 85' lang='lat' dir='ltr'>reddiderit,</span> <span class='ocrx_word' id='word_1_292' title='bbox 1084 2928 1137 2970; x_wconf 88' lang='lat' dir='ltr'>eos</span> 
     </span>
     <span class='ocr_line' id='line_1_34' title="bbox 137 2994 1137 3079; baseline -0.004 -20"><span class='ocrx_word' id='word_1_293' title='bbox 137 3001 185 3079; x_wconf 93' lang='lat' dir='ltr'>qui</span> <span class='ocrx_word' id='word_1_294' title='bbox 203 3017 319 3059; x_wconf 90' lang='lat' dir='ltr'>carnem</span> <span class='ocrx_word' id='word_1_295' title='bbox 337 2995 515 3058; x_wconf 89' lang='lat' dir='ltr'>comederint</span> <span class='ocrx_word' id='word_1_296' title='bbox 534 2995 715 3071; x_wconf 80' lang='lat' dir='ltr'>stranguriae</span> <span class='ocrx_word' id='word_1_297' title='bbox 734 2994 864 3055; x_wconf 89' lang='lat' dir='ltr'>morbum</span> <span class='ocrx_word' id='word_1_298' title='bbox 885 2995 1058 3056; x_wconf 90' lang='lat' dir='ltr'>contrahere</span> <span class='ocrx_word' id='word_1_299' title='bbox 1081 3005 1137 3055; x_wconf 88' lang='lat' dir='ltr'>tra·</span> 
     </span>
    </p>

    <p class='ocr_par' dir='ltr' id='par_1_8' title="bbox 96 3078 1137 3158">
     <span class='ocr_line' id='line_1_35' title="bbox 96 3078 1137 3158; baseline -0.005 -15"><span class='ocrx_word' id='word_1_300' title='bbox 96 3095 130 3150; x_wconf 83' lang='lat'>66</span> <span class='ocrx_word' id='word_1_301' title='bbox 142 3085 225 3144; x_wconf 88' lang='lat' dir='ltr'>ditur.</span> <span class='ocrx_word' id='word_1_302' title='bbox 257 3082 360 3142; x_wconf 86' lang='lat' dir='ltr'>labent</span> <span class='ocrx_word' id='word_1_303' title='bbox 381 3090 411 3140; x_wconf 84' lang='lat' dir='ltr'>ot</span> <span class='ocrx_word' id='word_1_304' title='bbox 427 3080 534 3139; x_wconf 81' lang='lat' dir='ltr'>vermis</span> <span class='ocrx_word' id='word_1_305' title='bbox 555 3087 688 3139; x_wconf 85' lang='lat' dir='ltr'>terrenos</span> <span class='ocrx_word' id='word_1_306' title='bbox 705 3078 765 3138; x_wconf 94' lang='lat' dir='ltr'>hibi</span> <span class='ocrx_word' id='word_1_307' title='bbox 790 3098 828 3138; x_wconf 82' lang='lat' dir='ltr'>ex</span> <span class='ocrx_word' id='word_1_308' title='bbox 843 3081 910 3140; x_wconf 87' lang='lat' dir='ltr'>vino</span> <span class='ocrx_word' id='word_1_309' title='bbox 932 3087 979 3138; x_wconf 92' lang='lat' dir='ltr'>aut</span> <span class='ocrx_word' id='word_1_310' title='bbox 996 3096 1085 3158; x_wconf 90' lang='lat' dir='ltr'>passo</span> <span class='ocrx_word' id='word_1_311' title='bbox 1101 3078 1137 3139; x_wconf 93' lang='lat' dir='ltr'>ad</span> 
     </span>
    </p>

    <p class='ocr_par' dir='ltr' id='par_1_9' title="bbox 106 3162 1173 3497">
     <span class='ocr_line' id='line_1_36' title="bbox 106 3162 1173 3241; baseline 0.002 -19"><span class='ocrx_word' id='word_1_312' title='bbox 106 3166 364 3228; x_wconf 75' lang='lat' dir='ltr'>reconminuendos</span> <span class='ocrx_word' id='word_1_313' title='bbox 387 3163 517 3226; x_wconf 91' lang='lat' dir='ltr'>calculos</span> <span class='ocrx_word' id='word_1_314' title='bbox 532 3163 581 3223; x_wconf 81' lang='lat' dir='ltr'>vel</span> <span class='ocrx_word' id='word_1_315' title='bbox 600 3162 719 3223; x_wconf 90' lang='lat' dir='ltr'>cocleas</span> <span class='ocrx_word' id='word_1_316' title='bbox 737 3162 875 3223; x_wconf 88' lang='lat' dir='ltr'>decoctas</span> <span class='ocrx_word' id='word_1_317' title='bbox 896 3172 926 3223; x_wconf 92' lang='lat' dir='ltr'>ut</span> <span class='ocrx_word' id='word_1_318' title='bbox 946 3165 974 3222; x_wconf 96' lang='lat' dir='ltr'>in</span> <span class='ocrx_word' id='word_1_319' title='bbox 997 3162 1173 3241; x_wconf 82' lang='lat' dir='ltr'>suspirio-as</span> 
     </span>
     <span class='ocr_line' id='line_1_37' title="bbox 144 3247 1137 3329; baseline -0.005 -18"><span class='ocrx_word' id='word_1_320' title='bbox 144 3253 194 3329; x_wconf 90' lang='lat' dir='ltr'>sis,</span> <span class='ocrx_word' id='word_1_321' title='bbox 209 3250 325 3311; x_wconf 89' lang='lat' dir='ltr'>easdem</span> <span class='ocrx_word' id='word_1_322' title='bbox 342 3257 491 3327; x_wconf 84' lang='lat' dir='ltr'>exemptas</span> <span class='ocrx_word' id='word_1_323' title='bbox 507 3248 590 3306; x_wconf 89' lang='lat' dir='ltr'>testis</span> <span class='ocrx_word' id='word_1_324' title='bbox 606 3247 658 3306; x_wconf 94' lang='lat' dir='ltr'>tris</span> <span class='ocrx_word' id='word_1_325' title='bbox 674 3249 815 3326; x_wconf 89' lang='lat' dir='ltr'>tritasque</span> <span class='ocrx_word' id='word_1_326' title='bbox 830 3249 858 3306; x_wconf 90' lang='lat' dir='ltr'>in</span> <span class='ocrx_word' id='word_1_327' title='bbox 869 3247 927 3308; x_wconf 90' lang='lat' dir='ltr'>vini</span> <span class='ocrx_word' id='word_1_328' title='bbox 944 3247 1049 3321; x_wconf 78' lang='lat' dir='ltr'>cyatho</span> <span class='ocrx_word' id='word_1_329' title='bbox 1065 3247 1137 3323; x_wconf 95' lang='lat' dir='ltr'>bibi,</span> 
     </span>
     <span class='ocr_line' id='line_1_38' title="bbox 138 3329 1137 3415; baseline -0.004 -21"><span class='ocrx_word' id='word_1_330' title='bbox 138 3335 270 3415; x_wconf 90' lang='lat' dir='ltr'>sequenti</span> <span class='ocrx_word' id='word_1_331' title='bbox 283 3335 329 3394; x_wconf 90' lang='lat' dir='ltr'>die</span> <span class='ocrx_word' id='word_1_332' title='bbox 344 3333 424 3409; x_wconf 89' lang='lat' dir='ltr'>duas,</span> <span class='ocrx_word' id='word_1_333' title='bbox 438 3331 522 3391; x_wconf 89' lang='lat' dir='ltr'>tertia</span> <span class='ocrx_word' id='word_1_334' title='bbox 534 3329 580 3390; x_wconf 88' lang='lat' dir='ltr'>die</span> <span class='ocrx_word' id='word_1_335' title='bbox 592 3349 685 3407; x_wconf 91' lang='lat' dir='ltr'>unam,</span> <span class='ocrx_word' id='word_1_336' title='bbox 698 3340 728 3391; x_wconf 90' lang='lat' dir='ltr'>nt</span> <span class='ocrx_word' id='word_1_337' title='bbox 739 3331 914 3391; x_wconf 91' lang='lat' dir='ltr'>stillicidium</span> <span class='ocrx_word' id='word_1_338' title='bbox 926 3332 1025 3391; x_wconf 89' lang='lat' dir='ltr'>urinae</span> <span class='ocrx_word' id='word_1_339' title='bbox 1041 3348 1137 3392; x_wconf 89' lang='lat' dir='ltr'>emen·</span> 
     </span>
     <span class='ocr_line' id='line_1_39' title="bbox 131 3413 1138 3497; baseline -0.002 -19"><span class='ocrx_word' id='word_1_340' title='bbox 131 3418 214 3497; x_wconf 83' lang='lat' dir='ltr'>deut,</span> <span class='ocrx_word' id='word_1_341' title='bbox 234 3426 373 3479; x_wconf 89' lang='lat' dir='ltr'>testarum</span> <span class='ocrx_word' id='word_1_342' title='bbox 392 3434 464 3478; x_wconf 83' lang='lat' dir='ltr'>vero</span> <span class='ocrx_word' id='word_1_343' title='bbox 478 3416 601 3476; x_wconf 91' lang='lat' dir='ltr'>inanium</span> <span class='ocrx_word' id='word_1_344' title='bbox 619 3415 797 3476; x_wconf 72' lang='lat' dir='ltr'>cinerem&#39;ad</span> <span class='ocrx_word' id='word_1_345' title='bbox 818 3414 947 3475; x_wconf 89' lang='lat' dir='ltr'>calculos</span> <span class='ocrx_word' id='word_1_346' title='bbox 971 3413 1138 3494; x_wconf 91' lang='lat' dir='ltr'>pellendos,</span> 
     </span>
    </p>
   </div>
   <div class='ocr_carea' id='block_1_4' title="bbox 0 0 1204 3840">
    <p class='ocr_par' dir='ltr' id='par_1_10' title="bbox 0 0 1204 3840">
     <span class='ocr_line' id='line_1_40' title="bbox 0 0 1204 3840; baseline 0 0"><span class='ocrx_word' id='word_1_347' title='bbox 0 0 1204 3840; x_wconf 95' lang='lat' dir='ltr'> </span> 
     </span>
    </p>
   </div>
  </div>
 </body>
</html>
