2400 3840
128 195 169 256 56
450 207 480 256 c.
498 200 594 256 rurus
609 205 760 256 suenum

129 360 344 421 commodatior.
368 360 438 420 iolia
452 361 602 438 utriusque
622 368 653 420 et
668 360 754 420 cruda
775 368 805 420 et
822 359 943 420 decocta
963 358 1120 420 inlinuntur

128 461 191 504 eum
215 442 292 504 oleo.

86 539 137 593 125
201 526 282 607 (77.)
311 526 428 604 Lycium
448 528 641 606 praestantius
665 527 746 605 spina
764 527 828 587 lieri
849 525 963 586 tradant
983 535 1068 603 quam
1089 532 1121 586 et

129 610 332 688 pyxacanthon
354 609 519 669 Chironiam
543 618 664 686 vocant,
693 609 806 688 qualem
829 611 859 670 in
882 608 988 669 indicis
1008 609 1120 669 arbori·

87 711 115 754 rs,
126 712 149 748 u
172 693 226 753 hus
241 694 374 769 diximus,
390 693 629 771 quoniam'long‘e
646 693 925 773 praestantissimum
939 692 1146 752 existimaturo

128 775 262 837 Indicum.
294 784 433 836 cocuntur
459 779 488 836 in
510 793 583 854 aqua
602 777 677 836 tunsi
698 777 768 836 radii
800 775 971 853 iudicesque
994 790 1121 834 summae

128 860 323 919 amaritudinis
348 876 438 919 aereo
459 877 530 919 vase
554 858 770 938 pertriduum,
794 860 956 936 iterumque
983 866 1121 936 exempto

129 943 227 1019 ligno,
246 942 341 1002 donec
354 942 449 1002 mellis
465 942 626 1003 crassitudo
639 943 695 1002 liat.
727 942 904 1002 adulteratur
915 942 1018 1001 amaris
1029 943 1120 1018 sucis,

85 1035 138 1091 126
150 1026 236 1084 etiam
258 1041 371 1085 amurca
392 1034 423 1086 et
443 1025 513 1086 ielle
538 1025 656 1086 huhulo.
690 1042 789 1103 spuma
805 1027 867 1085 eius
885 1040 919 1084 ac
935 1023 989 1084 hos
1007 1023 1121 1102 quidam

130 1107 278 1168 oculorum
295 1109 509 1170 medicamentis
524 1108 672 1171 adduntur.
701 1108 815 1186 reliquo
838 1126 908 1169 suco
929 1108 1033 1168 faciem
1053 1124 1120 1185 pur·
1132 1130 1158 1172 ro

128 1198 179 1269 gat
193 1200 223 1250 ct
238 1202 340 1269 psoras
357 1201 448 1268 sanat,
460 1209 564 1254 erasos
577 1192 698 1270 angulos
714 1191 863 1252 oculorum
876 1199 1053 1268 veteresque
1069 1189 1122 1249 hu·

129 1276 254 1350 ctioues,
267 1277 345 1335 auris
360 1275 540 1355 purulentas,
558 1275 702 1352 tonsillas,
715 1275 860 1352 gingivas,
877 1275 989 1350 tussim,
1005 1274 1120 1350 sangui-

129 1361 174 1418 nis
191 1361 412 1420 exscreationes
433 1359 518 1420 fabae
541 1358 735 1437 magnitudine
760 1357 1006 1434 devoratnmaut,
1035 1358 1059 1416 si
1081 1374 1120 1416 ex

128 1442 300 1503 volneribus
316 1442 395 1519 fluat,
409 1442 530 1519 inlitum,
546 1441 701 1519 rhagadas,
725 1440 894 1518 genitalium
909 1441 1017 1515 ulcera,
1040 1441 1120 1499 attri-

130 1534 187 1602 tus,
202 1526 300 1587 ulcera
312 1529 443 1586 recentia
457 1535 488 1588 et
499 1527 648 1604 serpentia
662 1543 696 1584 ac
710 1527 925 1602 putrescentia,
952 1522 1158 1588 innarenn

130 1608 241 1684 clavos,
284 1611 517 1686 suppurationes.
571 1607 680 1667 hihitur
703 1616 734 1667 et
771 1607 939 1667 mulieribus
971 1607 1012 1666 in·
1042 1605 1120 1666 lactc

87 1702 137 1756 127
151 1698 252 1751 contra
269 1690 419 1768 prolluvia.
445 1690 536 1751 lndici
558 1689 721 1750 differentia
744 1688 858 1766 glaebis
880 1690 1062 1750 extrinsecus
1079 1691 1119 1749 ni-

129 1777 203 1850 gris,
221 1774 297 1832 iutus
312 1773 393 1849 ruiis,
410 1792 473 1833 cum
488 1774 626 1850 fregeris,
640 1774 703 1832 cito
723 1773 966 1849 nigrescentibus.
998 1771 1120 1832 adstrin-

129 1858 173 1932 git
187 1855 452 1917 vehementarcum
463 1855 666 1933 amaritudine,
686 1856 722 1917 ad
739 1854 840 1916 eadem
857 1856 950 1917 omnia
970 1855 1048 1924 utile¹
1061 1863 1119 1932 est,

51 1939 53 1943 ’
130 1939 183 1999 sed
198 1940 354 2017 praecipue
369 1939 405 1999 ad
418 1939 564 2017 genitalia.
1127 1961 1157 2002 ao

87 2032 139 2087 128
202 2023 284 2102 (78.)
317 2022 388 2082 Sunt
410 2024 458 2101 qui
477 2031 508 2083 et
523 2023 712 2087 sarcocollam
729 2023 830 2101 spinae
847 2021 1118 2100 lacrimamputeut,

129 2106 231 2184 pollini
244 2107 315 2166 turis
334 2107 466 2182 similem,
485 2124 547 2165 cum
571 2106 691 2183 quadam
715 2106 871 2166 acrimonia
892 2104 1020 2180 dulcem,
1043 2122 1119 2163 cum·

129 2190 275 2248 minosam.
305 2206 368 2248 cum
385 2190 453 2248 vino
470 2197 554 2248 tunsa
568 2191 645 2248 sistit
661 2189 833 2265 ductiones,
855 2187 984 2247 inlinitur
1005 2188 1106 2247 inianti

129 2272 183 2332 bus
206 2288 345 2331 maxume.
361 2279 506 2332 vetustate
527 2278 559 2331 et
578 2271 652 2332 haec
671 2272 831 2349 nigrescit,
852 2270 957 2331 melior
978 2287 1106 2348 quocun

129 2355 231 2416 (lidior.
1126 2378 1156 2419 us

88 2444 138 2504 iac
201 2437 284 2517 (79.)
312 2435 406 2498 Unum
421 2439 573 2498 etiamnum
597 2438 732 2498 arborum
752 2434 901 2498 medicinis
921 2437 1045 2497 debetur
1067 2455 1119 2498 no·

129 2521 189 2582 hile
203 2523 438 2582 medicamentum
459 2520 537 2600 quod
556 2521 696 2600 oporicen
716 2528 826 2582 vocant.
857 2521 888 2580 iit
909 2519 944 2580 ad
966 2518 1120 2596 dysinteri-

130 2623 180 2666 cos
197 2605 395 2683 stomachique
411 2607 481 2665 vitia
494 2606 525 2664 in
537 2606 647 2683 'congio
663 2607 748 2666 musti
763 2605 820 2664 alhi
838 2602 919 2667 lento
941 2620 1052 2682 vapore
1070 2603 1119 2664 de·

129 2692 221 2749 coctis
237 2691 372 2749 cotoneis
388 2689 514 2766 quinque
525 2706 588 2748 cum
604 2690 663 2749 suis
676 2687 845 2764 seminibus,
858 2688 971 2766 punicis
984 2686 1118 2763 totidem,

130 2771 284 2832 sorborum
309 2773 455 2847 sextario,
477 2779 507 2830 et
524 2773 586 2848 pari
597 2789 731 2832 mensura
747 2771 810 2832 eius
833 2769 910 2848 quod
928 2768 1002 2830 ulum
1021 2766 1155 2847 Syria-ao

129 2872 191 2913 cam
204 2862 326 2931 vocant,
343 2855 421 2914 croci
442 2855 595 2914 semuncia.
628 2857 763 2934 coquitur
784 2870 876 2930 usque
900 2853 936 2912 ad
954 2851 1120 2914 crassitudi-

128 2955 194 2996 nem
207 2936 309 2996 mellis.

193 3019 273 3099 (80.)
298 3019 350 3079 llis
375 3019 562 3082 subtexamus
584 3036 715 3099 eaquae
737 3018 841 3080 Graeci
860 3017 1119 3080 communicatione

131 3105 274 3164 nominum
289 3104 319 3163 in
333 3103 467 3180 ambiguo
483 3105 585 3165 iecere
598 3122 672 3163 anne
687 3104 822 3163 arborum
839 3111 947 3163 essent.

88 3200 140 3254 130
206 3188 251 3246 15.
284 3184 476 3264 chamaedrys
491 3188 583 3248 herha
598 3195 644 3247 est
661 3204 734 3265 qnae
750 3185 851 3248 Latine
869 3188 985 3265 trixago
1002 3186 1114 3246 dicitur.
1126 3211 1152 3253 ss

130 3271 217 3348 aliqui
240 3286 303 3330 eam
328 3270 562 3350 chamaeropem,
582 3269 630 3333 alii
646 3268 801 3330 Teucriam
815 3270 1017 3349 appellavere.
1046 3269 1119 3329 lolia

131 3354 219 3414 hahet
235 3353 428 3430 magnitudine
444 3363 574 3430 mentae,
589 3352 691 3412 colore
706 3360 737 3413 et
757 3352 884 3413 divisura
898 3370 1030 3431 quercus.
1068 3353 1117 3412 alii

131 3445 269 3497 serratam
281 3437 357 3496 atah
375 3455 410 3497 ea
423 3455 532 3497 serram
545 3437 689 3495 inventam
700 3453 768 3496 essa
780 3435 926 3515 dixerunt,
937 3435 1011 3496 hore
1022 3453 1119 3515 paene
