2400 3840
329 216 409 264 sur.
425 215 516 263 ursr.
533 215 635 264 xxur.
652 212 678 266 4.
695 203 848 282 (18-88.)
1060 203 1096 261 18

152 370 235 450 (45.)
268 367 535 446 Ghanraemyrsinaa
558 370 621 428 sive
643 372 846 446 oxymyrsinae
869 371 970 430 eadem
984 377 1091 428 natura.
1104 379 1139 432 88

93 453 301 535 cupressinum
328 452 424 512 oleam
452 453 572 513 eosdem
594 451 716 513 81188188
737 453 825 513 habet
849 469 921 531 quos
943 459 1095 528 myrteum,

21 539 24 543 ’
91 541 162 601 item
183 538 312 599 citrcum.
347 556 365 598 e
390 554 463 597 nuce
484 555 557 597 vero
578 536 713 613 iuglande
734 537 812 615 quod
834 538 979 612 caryinum
1002 554 1050 615 ap·
1073 531 1138 616 aare

20 662 28 701 ,
92 622 265 702 pellaaimus
291 619 434 699 alopeciis
459 620 532 680 utile
559 629 605 679 est
627 629 658 680 et
681 621 807 682 tarditati
830 623 938 681 aurium
961 621 1094 695 infusum,

18 706 24 738 ’-
71 709 162 768 sitem
185 706 288 785 capitis
311 704 406 765 dolori
433 703 562 780 inlitum,
595 713 697 764 cetero
720 707 801 764 iners
823 714 853 765 et
875 706 1094 782 gravi-sapore.

91 792 243 853 enimvero
268 791 293 848 si
311 788 379 866 quid
396 789 426 847 in
441 787 547 848 nucleo
563 787 669 866 putridi
689 788 796 864 fuerit,
821 795 901 848 totus
920 788 1032 848 modius
1048 787 1097 846 de-

91 876 180 955 perit.
206 871 252 933 br
270 869 373 932 Cnidio
388 888 479 950 grano
496 873 601 931 iactum
617 870 739 932 eandem
752 874 810 931 vim
826 871 914 932 habet
930 890 1012 951 quam
1027 872 1093 929 cici·
1104 880 1138 934 89

13 994 16 1021 ;
91 976 166 1018 nana
196 954 221 1016 11
236 954 361 1017 18811888
377 957 483 1016 lactum
496 955 679 1014 utilissimum
694 974 787 1035 acopo
806 965 869 1033 est,
884 957 1017 1034 idemque
1030 972 1096 1033 pro·

92 1043 197 1103 liceret
214 1039 291 1118 quod
305 1056 473 1115 rosaceum,
487 1041 516 1098 ni
535 1039 632 1099 dorius
649 1039 735 1117 paulo
751 1039 984 1117 intellegeretur.
1015 1047 1097 1099 uton-

61 1135 84 1177 ¹⁰
93 1135 140 1186 tur
162 1141 200 1186 eo
225 1131 255 1185 81
275 1132 376 1185 contra
396 1124 500 1183 nimios
522 1123 644 1183 sudores
667 1123 846 1202 papulasque
863 1125 1007 1184 sudorum.
1036 1140 1096 1183 sca-

92 1209 171 1274 biem
184 1210 375 1268 iumentorum
387 1207 589 1267 efficacissime
602 1217 691 1267 sanat.
709 1208 875 1268 Balaninum
888 1208 984 1268 oleum
995 1225 1096 1285 repur-

91 1304 142 1370 gat
158 1309 263 1368 varos,
277 1290 461 1366 furunculos,
476 1290 654 1368 lentigines,
671 1293 812 1369 gingivas.

155 1375 237 1456 (46.)
261 1372 376 1454 Cypros
392 1375 484 1453 qualis
501 1383 583 1435 esset
599 1383 629 1435 et
644 1375 880 1452 quemadmodum
895 1394 933 1435 cx
947 1393 993 1451 ea,
1008 1375 1093 1434 lieret
1104 1385 1138 1438 90

94 1459 191 1522 oleum
212 1458 368 1520 docuimus.
398 1468 498 1518 natura
520 1461 583 1519 cios
603 1458 771 1536 excalfacit,
795 1456 906 1518 emollit
930 1476 1046 1518 nervos.
1060 1469 1131 1511 ¹²=¹⁰⁰

60 1544 165 1605 uratia
185 1542 334 1604 stomacho
355 1542 511 1603 inlinuntur
531 1551 560 1603 et
577 1542 682 1603 volvae
698 1543 860 1603 concitatae
876 1561 962 1603 sucus
979 1560 1095 1620 quoque

94 1645 195 1690 eorum
219 1627 379 1707 adponitur.
413 1626 484 1687 lolia
507 1629 637 1688 recentia
656 1627 879 1688 conmanducata
896 1627 1044 1687 ulceribus
1068 1628 1097 1686 in

93 1713 190 1791 capite
213 1711 409 1788 manantibus,
445 1713 514 1770 item
539 1713 598 1771 oris
627 1712 779 1772 medentur
805 1721 835 1772 et
861 1711 1096 1786 collectionibus,

94 1794 313 1872 condylomatis.
344 1794 641 1856 decoctumfolioram
653 1795 791 1855 ambustis
804 1804 834 1856 et
845 1795 950 1856 luxatis
965 1795 1094 1875 prodest.
1105 1805 1137 1860 91

16 1912 20 1951 2
93 1881 160 1959 ipsa
179 1879 275 1939 rulant
297 1878 430 1957 capillum
455 1886 539 1939 tunsa
562 1879 676 1940 adiecto
700 1878 823 1940 struthei
839 1880 906 1939 mali
924 1897 1002 1939 suco.
1042 1878 1096 1938 ilos

58 1963 198 2042 aooapitis
217 1960 337 2023 dolores
364 1962 446 2024 sedat
470 1981 535 2022 cum
554 1972 640 2023 aceto
662 1962 778 2040 inlitus,
800 1966 869 2023 item
885 1963 1051 2023 combustus
1067 1964 1097 2020 in

10 2026 14 2081 1
92 2046 181 2108 cruda
197 2045 256 2106 olla
273 2063 371 2107 nomas
388 2055 469 2106 sanat
484 2055 515 2106 ct
532 2049 730 2124 putrescentia
745 2047 843 2108 ulcera
860 2064 914 2124 per
927 2065 960 2106 se
971 2044 1020 2105 vel
1033 2062 1096 2103 curn

92 2130 190 2191 melle.
224 2129 297 2190 odor
313 2128 394 2190 lloris
409 2132 457 2208 qui
474 2129 535 2191 olet
552 2149 680 2191 somnum
699 2131 776 2190 lacit.
808 2130 972 2206 Adstringit
987 2128 1097 2206 gleuci-

93 2232 161 2275 num
176 2221 207 2274 ct
222 2214 379 2292 refrigerat
396 2214 496 2275 eadem
512 2216 624 2275 ratione
641 2233 696 2293 qna
716 2213 926 2275 oenanthinum.

158 2297 241 2377 (47.)
274 2296 464 2358 balsaminum
486 2298 575 2376 longe
595 2301 838 2377 pretiosissimum
854 2299 994 2374 omniurn,
1016 2297 1139 2361 811898

58 2382 250 2460 asunguentis
267 2381 406 2458 diximus,
423 2389 524 2441 contra
542 2385 633 2442 omnis
650 2385 797 2461 serpentis
814 2383 936 2459 8111888,
953 2381 1051 2442 oculo-
1062 2393 1090 2433 12·
1105 2388 1139 2423 ¹¹¹

93 2485 156 2526 rum
184 2463 307 2525 claritati
333 2465 493 2544 plurumum
518 2467 650 2542 confert,
683 2465 836 2542 caliginem
861 2465 995 2541 discutit,
1028 2467 1097 2524 item

93 2549 280 2628 dyspnoeas,
303 2549 496 2610 collectiones
515 2551 607 2608 omnis
624 2548 803 2627 duritiasque
818 2548 899 2608 lenit.
930 2551 1098 2625 sanguinem

94 2633 211 2694 densari
226 2632 381 2710 prohibet,
405 2633 505 2692 ulcera
520 2640 643 2712 purgat,
666 2631 800 2708 auribus,
817 2633 919 2709 capitis
936 2630 1097 2706 doloribus,

94 2715 244 2794 tremulis,
259 2718 413 2795 spasticis,
430 2718 524 2794 ruptis
542 2733 680 2794 perquam
692 2715 772 2775 81118.
800 2716 971 2774 adversatur
982 2717 1097 2776 aconito

61 2816 136 2861 socx
153 2799 229 2861 lacte
245 2807 354 2878 potum,
373 2800 465 2861 labris
480 2818 543 2860 cum
556 2799 680 2861 horrore
696 2800 842 2860 venientis
859 2801 1007 2876 perunctis
1026 2799 1099 2859 levi-

95 2901 165 2946 ores
180 2884 258 2945 lacit.
287 2885 420 2944 utendum
435 2893 530 2944 tamen
546 2885 677 2960 modico,
693 2884 826 2962 quoniam
843 2883 935 2942 adurit
951 2892 1098 2962 augetque

93 2969 165 3029 vitia
181 2984 240 3028 non
256 2977 374 3029 servato
393 2976 629 3046 temperamento.

155 3049 238 3131 (48.)
272 3050 445 3112 lllalobathri
464 3068 580 3129 qaoque
593 3060 722 3111 naturam
734 3060 764 3111 et
776 3068 887 3128 genera
900 3053 1096 3130 exposuimus.
1108 3064 1141 3117 93

95 3137 206 3196 urinam
224 3136 300 3211 8181,
323 3134 471 3197 oculorum
491 3135 640 3213 epiphoris
664 3136 733 3194 vino
756 3152 927 3213 expressum
947 3135 1141 3209 utilissimeifp

60 3243 85 3286 ss
96 3220 263 3297 inponitur,
288 3219 358 3279 item
379 3217 523 3280 frontibus
542 3218 667 3279 dormire
683 3216 868 3294 volentibus,
892 3218 1055 3294 efficacius,
1075 3220 1099 3277 si

96 3310 128 3363 et
142 3321 228 3364 naras
245 3300 401 3363 inlinantur
416 3311 463 3362 aut
481 3303 505 3361 si
518 3319 556 3361 ex
567 3320 639 3380 aqna
651 3301 775 3363 bibatur.
804 3303 864 3362 oris
878 3309 908 3361 et
919 3300 1024 3361 halitus
1037 3319 1100 3362 sua-

95 3389 217 3447 vitatem
232 3385 411 3446 commendat
424 3386 540 3462 linguae
559 3386 702 3445 subditum
716 3383 826 3461 folium,
846 3387 921 3444 sicut
934 3393 963 3444 et
975 3386 1101 3445 vestium

97 3470 220 3531 odorem
236 3471 447 3549 interpositum.
940 3552 960 3587 ἡ

914 3554 940 3613 ‘2
