2400 3840
36 194 39 200 ·
134 181 194 240 274
482 192 792 242 summouendum

133 357 226 406 autem
249 347 328 405 utin
350 345 470 426 reliquis
493 365 509 407 a
531 347 739 426 principalibus
764 364 863 408 eorum
878 368 951 428 quae
966 361 1030 410 suut
1050 353 1131 414 salsa

133 449 167 490 ac
182 447 323 508 spongea.

89 523 125 579 73
200 517 228 573 7.
252 514 336 593 (39.)
360 514 409 572 Sal
426 515 518 572 omnis
535 522 583 573 aut
598 515 628 573 iit
643 523 690 573 aut
711 515 853 592 gignitur,
875 525 1022 597 utrumque
1038 519 1130 596 pluri·

132 598 186 657 bus
205 597 314 672 modis,
341 597 394 656 sed
419 615 505 656 causa
529 600 659 673 gemina,
683 607 787 657 coacto
810 617 909 660 umore
936 600 984 659 vel
1005 603 1128 662 siccato.

133 683 258 740 siccatur
282 683 310 739 in
334 679 400 739 lacu
425 679 579 739 Tarentino
603 682 721 741 aestivis
743 682 870 759 solibus,
893 691 1041 762 totumque
1070 695 1152 748 sta-n

131 782 217 841 gnum
228 767 256 823 in
268 763 358 823 salem
370 763 437 839 abit,
448 763 590 823 modicum
603 764 726 842 alioqui,
743 765 889 825 altitudine
901 785 996 843 genua
1008 784 1065 826 non
1078 788 1128 828 ex·

133 847 256 922 cedens,
282 849 350 906 item
376 848 405 905 in
430 845 579 906 Siciliain
600 848 665 906 lacu
688 848 736 925 qui
762 848 925 909 Cocanicus
952 859 1076 910 vocatur
1101 862 1130 911 et

131 931 188 992 alio
203 932 281 989 iuxta
297 928 405 988 Gelam.
432 929 533 988 horum
546 933 741 990 extremitates
755 941 862 992 tanturn
874 936 1056 1010 inarescunt,
1074 937 1129 994 sic·

130 1015 203 1074 utin
219 1012 358 1089 Phrygia,
376 1010 577 1091 Cappadocia,
595 1013 743 1092 Aspendi,
762 1016 809 1075 ubi
824 1017 932 1094 largius
949 1019 1082 1096 coquitur
1101 1018 1130 1078 et

130 1114 223 1174 usque
241 1096 277 1156 ad
291 1096 423 1155 medium.
453 1096 529 1156 aliud
549 1098 634 1157 etiam
655 1100 683 1157 in
708 1114 744 1158 co
765 1099 897 1159 mirabile
918 1101 995 1179 quod
1015 1109 1126 1160 tantun·
1140 1116 1163 1158 ro

131 1181 197 1241 dem
219 1187 307 1239 noctu
328 1179 461 1240 subvenit
485 1189 619 1259 quantum
640 1181 687 1241 die
706 1183 832 1243 auferas.
868 1185 960 1243 omnis
981 1203 997 1243 e
1019 1187 1130 1262 stagnis

88 1275 123 1334 tl
135 1265 177 1328 sal
193 1266 315 1327 minutus
330 1273 416 1344 atquc
429 1281 487 1323 uon
503 1264 608 1342 glaeba
624 1274 677 1324 est.
708 1265 794 1326 Aliud
810 1285 902 1343 genus
918 1285 955 1326 ex
975 1269 1058 1346 aquis
1072 1287 1130 1328 ma·

131 1354 171 1411 ris
188 1359 293 1430 sponte
312 1351 439 1426 gignitur
457 1366 557 1426 spuma
580 1351 608 1407 in
631 1351 767 1409 extremis
788 1349 919 1410 litoribus
940 1367 976 1410 ac
998 1353 1131 1431 scopulis

130 1436 243 1495 relicta.
258 1433 306 1493 hic
319 1435 410 1493 omnis
422 1432 753 1510 soliscaloredensatur,
766 1442 795 1492 et
807 1443 852 1492 est
863 1435 960 1494 acrior
971 1435 1130 1512 quiinsco·

132 1519 208 1598 pulis
233 1518 386 1577 iuvenitur.
424 1517 496 1576 Sunt
511 1517 661 1575 etiamnum
684 1516 829 1576 naturales
852 1517 1033 1578 differentiae
1055 1527 1128 1578 tres.
1140 1532 1164 1572 1⁵

131 1620 254 1679 namque
265 1602 293 1660 in
307 1600 420 1660 Bactris
434 1598 491 1658 duo
504 1600 584 1659 lacus
598 1601 683 1674 vasti,
699 1600 774 1660 alter
784 1600 819 1659 ad
832 1601 955 1675 Scythas
969 1619 1072 1662 versus
1089 1602 1130 1661 al-

131 1697 176 1747 ten
200 1685 235 1743 ad
249 1685 355 1759 Arios,
378 1683 439 1741 sale
463 1691 646 1759 exaestuant,
667 1683 740 1743 sicut
755 1683 791 1742 ad
808 1682 909 1743 Citium
933 1685 960 1742 in
977 1683 1076 1763 Cypro
1102 1695 1131 1744 et

88 1781 122 1836 75
135 1770 212 1829 circa
232 1766 386 1843 Memphim
404 1765 555 1824 extrahunt
571 1784 587 1825 e
603 1766 685 1840 lacu,
709 1765 775 1825 dein
791 1766 856 1826 sole
875 1769 993 1827 siccant.
1025 1769 1131 1829 Sedet

131 1868 239 1912 summa
254 1850 396 1909 iluminum
412 1848 566 1908 densantur
579 1850 608 1906 in
625 1849 715 1908 salem
738 1867 819 1910 amne
835 1851 948 1930 reliquo
970 1851 1061 1912 veluti
1076 1851 1128 1910 sub

131 1936 201 2014 gelu
215 1935 337 2009 iluentc,
355 1942 385 1992 ut
405 1930 479 2011 apud
497 1931 619 2011 Caspias
633 1942 733 2011 portas
749 1952 823 2012 quae
847 1934 916 1993 salis
939 1933 1054 1995 llumiua
1077 1947 1164 2013 apro

131 2019 291 2099 pellantur,
308 2017 376 2077 item
398 2017 476 2076 circa
491 2016 607 2077 Mardos
628 2024 658 2075 et
679 2017 841 2078 Armenios.
879 2027 1031 2096 praeterea
1053 2017 1128 2096 apud

131 2104 252 2162 Bactros
268 2118 366 2160 amnes
381 2098 479 2159 Ochus
496 2109 525 2159 et
539 2099 618 2159 Oxus
639 2117 677 2159 ex
693 2099 738 2159 his
753 2101 894 2178 adpositis
912 2101 1057 2161 montibus
1080 2101 1127 2161 de·

89 2197 123 2252 76
134 2188 230 2246 ierunt
247 2184 315 2243 salis
330 2191 468 2242 tumenta.
498 2184 569 2244 Sunt
585 2184 656 2242 etin
671 2183 770 2243 Africa
788 2184 881 2260 lacus,
897 2194 927 2244 et
941 2185 1058 2261 quidem
1071 2194 1128 2246 tur·

131 2268 206 2343 bidi,
228 2266 318 2326 salem
338 2262 477 2325 ferentes.
506 2267 601 2325 ierunt
622 2266 735 2343 quidem
759 2276 788 2326 et
810 2266 895 2326 calidi
918 2267 1031 2345 fontes,
1054 2269 1129 2328 sicut

131 2349 282 2427 Pagasaei.
319 2357 348 2408 et
377 2348 517 2408 hactenus
536 2347 643 2408 habent
667 2368 700 2408 se
727 2366 835 2425 genera
860 2368 898 2410 ex
919 2353 1002 2428 aquis
1023 2360 1163 2429 sponte2⁵

88 2447 122 2502 77
134 2433 343 2514 provenientia.
372 2433 444 2492 Sunt
459 2442 488 2491 et
504 2441 616 2492 montes
632 2434 719 2492 nativi
735 2433 821 2510 salis,
840 2443 870 2493 ut
891 2433 1012 2494 inludis
1028 2433 1127 2495 Orme-

132 2536 199 2594 nus,
214 2519 243 2576 iu
256 2534 312 2594 quo
325 2516 541 2594 lapicidinarum
553 2517 638 2575 modo
652 2517 781 2577 caeditur
791 2533 964 2594 renascens,
978 2519 1128 2597 maiusque

130 2617 230 2679 regum
245 2600 373 2677 vectigal
389 2617 426 2658 en
439 2617 474 2660 eo
491 2609 536 2660 est
551 2617 634 2678 quam
649 2618 686 2659 cx
698 2617 768 2660 auro
786 2609 870 2679 atque
885 2603 1060 2678 margaritis.
1086 2603 1129 2662 el·

131 2684 392 2758 ludituretcterra,
405 2692 434 2743 ut
446 2681 541 2762 palam
554 2693 599 2743 est
612 2683 849 2761 umoredeusato,
857 2685 921 2745 utin
929 2683 1129 2763 Cappadocia.

129 2767 1165 2846 ibiquidemeteditnrspeculariumlapidummodo,pondusmagnumao

88 2862 122 2916 78
133 2851 246 2928 glaebis
261 2867 332 2927 quas
346 2850 435 2909 micas
449 2851 556 2927 volgus
574 2851 712 2929 appellat.
745 2851 843 2910 Gerris
867 2851 994 2911 Arabiae
1017 2853 1129 2932 oppido

129 2951 225 2993 muros
244 2933 403 3011 domosque
418 2935 520 3016 massis
536 2934 605 2993 salis
621 2934 728 2993 iaciunt
743 2951 816 3016 aqua
837 2934 1053 2994 feruminantes.
1085 2938 1129 2996 in·

100 3021 102 3027 ’
129 3019 208 3078 venit
225 3025 255 3076 et
270 3017 346 3076 iuxta
362 3016 508 3077 Pelusium
523 3017 706 3076 Ptolemaeus
720 3036 788 3094 rex,
811 3034 874 3077 cum
893 3026 987 3077 castra
1002 3018 1128 3081 laceret.

129 3119 187 3181 quo
204 3099 339 3178 exemplo
356 3110 459 3178 postea
473 3102 548 3159 inter
565 3098 731 3177 Aegyptum
746 3110 774 3160 et
788 3100 924 3160 Arabiam
939 3103 1024 3161 etium
1040 3122 1128 3183 squa-

128 3185 253 3246 lentibus
269 3184 343 3243 locis
356 3192 479 3261 coeptus
494 3191 539 3242 est
553 3184 675 3241 inveniri
688 3184 826 3244 detractis
841 3185 974 3261 harenis,
1000 3188 1162 3265 queliteruu

128 3278 158 3328 et
172 3287 225 3347 per
240 3263 357 3327 Africae
376 3267 499 3326 sitientia
515 3285 606 3344 usqne
622 3265 656 3326 ad
672 3267 834 3328 Hammonis
847 3268 1009 3346 oraculum,
1026 3271 1051 3328 is
1064 3274 1126 3350 qui-

85 3361 119 3417 79
130 3351 194 3411 dem
210 3368 347 3411 crescens
364 3367 427 3409 cum
442 3351 507 3409 luna
522 3350 664 3410 noctibus.
701 3370 764 3413 nam
781 3350 934 3427 Cyrenaici
949 3361 1059 3414 tractus
1075 3374 1127 3415 no·

128 3435 273 3495 bilitantur
286 3433 490 3494 Hammoniaco
509 3442 538 3493 et
553 3435 633 3513 ipso,
657 3435 791 3514 quiasub
810 3436 926 3496 harenis
952 3436 1145 3519 inveniatur,-
