2400 3840
314 200 395 246 aar.
410 198 501 248 arar.
519 201 628 248 xxun.
640 195 701 251 aa.
721 188 871 267 (36—40.)
1043 193 1084 250 45

88 354 139 414 het
154 362 184 413 et
200 353 304 422 dicitnr
318 353 409 413 lehris
421 353 540 416 solvere
556 364 598 431 et,
614 373 676 415 enm
692 363 852 431 unguantur
864 355 932 416 oleo
945 355 1082 434 adnixae,

89 437 226 498 sudorem
243 437 359 512 lacere,
376 439 449 497 sicut
464 438 662 498 lassitudinem
677 438 849 500 dissolvere.
878 439 986 499 urinam
1003 441 1082 500 cient

89 530 119 580 et
134 538 260 580 menses.
278 528 363 598 caput
378 529 516 599 temptant
534 522 590 580 vini
605 521 702 598 modo,
714 530 870 581 -namet
883 522 956 583 odor
969 522 1083 600 similis,

87 636 131 651 -
145 611 176 663 et
190 602 355 664 inflationes
376 604 486 681 pellunt
507 606 535 664 in
551 605 705 680 inferiora,
721 604 816 664 alvom
831 607 954 682 sistunt,
977 605 1081 681 hydro-

64 688 164 766 spicis
177 695 207 746 et
220 685 345 746 lienibus
361 704 498 764 perquam
513 687 608 748 utiles.
626 689 708 748 laetis
724 689 885 748 ubertatem
899 689 1016 766 faciunt,
1031 690 1078 750 ad·
1090 701 1122 755 61

86 779 240 830 versantur
251 773 373 830 venenis
388 774 582 849 serpentium,
598 790 729 832 maxume
745 789 819 850 quae
834 772 926 849 frigus
945 773 1079 832 inierunt.

86 856 180 914 minor
204 853 352 913 ellicacior
374 854 592 933 adsentientis,
622 854 731 915 bibitur
758 857 875 916 seminis
899 854 1029 917 drachma
1052 858 1081 916 in

88 939 155 998 vino
175 936 224 996 vel
240 954 330 1015 posca
351 945 399 998 aut
424 936 532 999 duabus
556 938 691 998 loliorum
710 940 939 999 tenerrimarum.
972 948 1002 999 et
1017 939 1080 1000 inli-

88 1028 192 1079 nuntur
213 1028 333 1097 utraque
355 1020 494 1081 adversus
515 1038 685 1083 araneorum
707 1039 837 1098 morsus,
863 1022 912 1082 vel
930 1025 1077 1100 perunctis

55 1111 213 1180 intantum,
240 1104 337 1163 sullitu
359 1121 475 1182 quoque
496 1112 544 1163 aut
566 1106 712 1164 substratu
732 1106 832 1181 lugent
849 1114 1000 1165 venenata.
1041 1107 1121 1173 adea

88 1205 226 1246 venerem
242 1188 365 1265 impetus
382 1187 528 1264 inhibent,
544 1206 639 1265 eoque
654 1206 784 1248 maxume
802 1188 962 1266 phalangiis
977 1189 1079 1250 adver·

89 1278 187 1329 santur
202 1287 322 1347 quorum
337 1289 451 1330 morsus
467 1271 595 1348 genitale
617 1273 733 1331 excitat.
764 1273 866 1349 capitis
888 1270 1021 1333 dolorem
1041 1292 1079 1333 ex

89 1353 234 1413 ebrietate
248 1353 350 1414 sedant
364 1372 427 1413 cum
442 1371 566 1416 rosaceo
582 1354 637 1413 llos
655 1355 807 1431 tenerique
826 1353 965 1415 cauliculi.
994 1359 1079 1416 semi·

89 1438 133 1496 nis
150 1435 301 1497 decoctum
314 1437 562 1497 vehementiorem
579 1439 681 1515 capitis
697 1436 829 1497 dolorem
846 1435 980 1496 dissolvit
1004 1439 1078 1514 fotu,

55 1527 119 1582 rtet
132 1518 248 1579 volvam
262 1522 347 1579 etiam
362 1510 463 1581 suilitu'
476 1520 523 1580 vel
544 1521 677 1599 adpositu
695 1529 818 1599 purgat,
838 1520 933 1581 alvom
949 1539 1012 1581 curm
1029 1540 1079 1601 pu-

88 1602 147 1664 leio
163 1612 194 1662 et
211 1602 297 1663 melle
313 1612 419 1682 potum.
449 1605 576 1664 vomicas
601 1612 632 1663 et
649 1621 741 1681 panos
763 1605 880 1665 dificile
895 1622 1079 1684 concoquen-

87 1688 123 1747 tis
149 1704 212 1746 cum
228 1687 319 1747 lerina
334 1686 497 1748 hordeacea
510 1686 609 1749 mollit.
640 1685 767 1749 lichenas
783 1696 815 1749 et
835 1687 990 1767 lentigines
1012 1709 1074 1750 mm
1085 1687 1121 1757 63

89 1769 258 1848 aphronitro
283 1779 313 1830 et
334 1779 420 1831 aceto
434 1789 534 1832 semen
549 1779 647 1847 sanat,
669 1781 698 1832 et
715 1775 774 1832 oris
789 1772 888 1833 ulcera
903 1780 933 1832 et
951 1775 1079 1852 eruptio·

86 1870 153 1914 num
167 1872 229 1915 cum
243 1854 346 1932 melle,
369 1855 487 1915 testium
498 1872 561 1914 cum
575 1855 681 1931 butyro
698 1864 727 1915 et
741 1854 820 1916 loliis
836 1858 953 1933 vitium,
978 1856 1078 1934 rhaga-
1131 1930 1133 1934 Ι

53 1937 138 1998 aedas
159 1937 238 1998 sedis
254 1955 315 1998 cum
329 1956 401 2016 aqua
416 1937 538 2015 inlitum,
554 1936 650 1998 luxata
662 1956 725 1997 oum
741 1938 802 1998 sale
816 1947 846 1998 et
859 1941 935 1999 nitro
956 1946 986 1999 et
1002 1959 1077 2001 cera.

88 2029 119 2082 et
136 2023 247 2080 semine
266 2029 295 2081 et
317 2021 389 2081 lolio
412 2020 524 2081 additur
541 2023 571 2080 in
594 2020 761 2098 malagmata
775 2039 930 2082 nervorum
948 2030 977 2082 et
991 2023 1078 2100 poda·

86 2122 163 2181 gras.
194 2121 295 2164 semen
312 2104 467 2164 instillatur
481 2107 511 2163 in
529 2103 597 2164 oleo
622 2104 772 2164 decoctum
789 2107 876 2183 capiti
896 2107 925 2164 in
944 2104 1077 2185 lethargo

88 2195 117 2246 et
139 2186 287 2265 phrenesi.
319 2189 430 2264 virgam
452 2189 544 2267 quiin
565 2205 646 2248 manu
660 2187 784 2248 habeant
806 2197 854 2248 aut
871 2190 1009 2265 incincta
1029 2209 1079 2250 ne·

85 2278 191 2346 gantur
206 2271 419 2347 intertriginem
436 2273 556 2332 sentire.

54 2373 81 2415 u
150 2352 232 2431 (39.)
259 2352 367 2414 Ericen
383 2353 485 2414 Graeci
508 2363 611 2413 vocant
627 2355 761 2415 fruticem
780 2373 839 2415 non
856 2355 972 2415 multum
992 2373 1009 2414 a
1033 2357 1074 2414 vi·
1086 2367 1119 2432 64

88 2437 147 2496 tice
162 2435 360 2514 differentem,
379 2438 481 2497 colore
499 2438 675 2496 rorismarini
695 2446 724 2498 et
740 2456 833 2516 paene
849 2438 930 2499 lolio.
958 2437 1014 2498 hoc
1031 2438 1077 2498 ad·

87 2521 198 2580 versari
216 2521 403 2598 serpentibus
419 2519 539 2579 tradunt.

150 2603 232 2683 (to.)
260 2602 378 2665 Geniata
395 2620 510 2680 quoque
523 2603 627 2663 vinculi
643 2621 724 2663 usum
744 2612 888 2682 praestat,
912 2605 992 2664 doris
1016 2605 1119 2681 api-65

88 2684 142 2747 hus
158 2689 322 2763 gratissimi.
339 2686 439 2747 dubito
455 2704 491 2746 an
505 2686 576 2747 haec
592 2689 630 2745 sit
640 2704 723 2763 quam
738 2686 839 2747 Graeci
852 2696 986 2748 auctores
999 2703 1078 2765 spar-

54 2777 140 2830 toton
157 2770 360 2848 appellavere,
375 2788 437 2829 oum
455 2787 493 2829 ex
509 2788 544 2830 ea
559 2770 615 2830 lina
629 2772 784 2848 piscatoria
800 2770 874 2848 apud
889 2787 942 2831 eos
954 2771 1076 2830 factitari

87 2852 249 2928 docuerim,
274 2861 303 2913 et
326 2852 460 2930 numquid
479 2853 551 2912 hanc
573 2852 771 2930 designaverit
792 2853 951 2931 Homerus,
973 2872 1036 2914 cum
1055 2873 1083 2916 o,
1097 2875 1118 2908 a

87 2936 159 2995 dixit
187 2938 299 2995 navium
320 2944 417 3014 sparta
437 2934 585 2997 dissoluta.
619 2937 743 2997 nondum
769 2939 844 2996 enim
862 2937 953 2997 luisse
976 2936 1077 3015 Hispa·

86 3035 152 3076 num
165 3018 368 3079 Africanumre
392 3027 520 3097 spartum
542 3021 571 3080 in
601 3040 653 3080 usu
676 3028 869 3096 certamem,
891 3028 921 3080 et
944 3038 1006 3080 eum
1027 3021 1077 3080 lie·

86 3108 152 3159 rent
167 3101 269 3162 sutiles
288 3121 389 3179 naves,
404 3103 463 3163 lino
478 3111 582 3180 tamen,
599 3112 769 3182 non‘sparto
786 3120 915 3182 umquam
927 3111 1014 3164 sutas.
1031 3122 1077 3163 se·

52 3197 152 3244 tamen
167 3187 230 3245 eius
239 3228 248 3263 ,
261 3185 338 3264 quod
359 3185 461 3246 Graeci
479 3187 583 3248 eodem
600 3189 714 3247 nomine
729 3186 876 3265 appellant
895 3189 923 3247 in
938 3184 1075 3246 folliculis

86 3267 290 3344 phaseolorum
304 3270 390 3332 modo
405 3288 526 3330 nascens
541 3278 645 3349 purgat
659 3269 804 3330 hellebori
819 3273 882 3330 vice
897 3269 1029 3328 drachma
1045 3275 1075 3326 et

86 3351 200 3413 dimidia
215 3362 284 3431 pota
300 3356 329 3413 in
346 3371 437 3432 aquae
462 3352 570 3413 mulsae
584 3353 693 3428 cyathis
716 3361 850 3431 quattuor
860 3354 973 3414 ieiunis.
1003 3352 1073 3411 rami
1084 3363 1117 3417 66

86 3435 218 3497 similiter
241 3436 356 3496 lrondei
384 3444 468 3496 aceto
498 3437 633 3496 macerati
653 3435 783 3521 pluribus
813 3435 918 3496 diehus
942 3443 977 3494 et
998 3437 1088 3492 tucax
