2400 3840
129 160 189 220 104
495 171 524 219 c.
543 171 638 218 emur
656 170 805 220 sucorum

129 327 254 402 coagulo
270 325 351 386 vituli
366 326 466 385 marini
487 326 589 402 aequis
604 324 743 402 partibus,
760 328 967 405 proserpinaca
987 342 1052 384 oum
1066 341 1125 383 ma-

127 409 168 469 ria
189 428 227 469 ex
244 412 336 470 menis
351 418 379 469 et
395 408 463 468 oleo
479 409 543 468 trita
565 407 614 467 vel
631 408 683 468 sub
702 408 799 487 lingua
824 407 930 469 habita.
955 408 1023 468 item
1039 426 1127 468 sucus

129 492 164 551 de
181 494 380 572 quinquefolio
397 500 482 570 potus
501 490 611 565 cyathis
629 491 727 552 tribus.
752 493 798 553 hic
813 502 842 552 et
857 490 987 552 omnibus
1003 491 1127 552 faucium

128 576 204 633 vitiis
221 577 352 637 medetur
367 575 583 652 gargarizatus,
603 574 775 636 verbascum
793 577 924 653 privatim
950 574 1075 634 tonsillis
1097 575 1127 632 in

81 667 203 735 sesqua
230 668 335 737 potum.
383 658 411 718 5.
436 655 519 735 (12.)
549 658 663 717 strumis
682 659 837 738 plantago,
872 657 1034 718 chelidonia
1063 674 1157 717 cums

127 741 216 800 melle
233 751 261 802 et
276 743 408 818 axungia,
428 740 668 819 quinquefolium,
684 742 766 801 radix
782 740 959 820 persollatae
975 741 1042 800 item
1063 756 1127 799 cunr

128 827 271 902 axungia,
295 825 424 902 operitur
439 822 510 883 folio
526 840 578 882 suo
602 824 744 902 inposita,
769 825 836 884 item
858 823 1017 899 artemisia,
1044 823 1127 882 radix

128 908 338 984 mandragorae
358 925 395 965 ex
416 924 498 984 aqua.
527 906 653 966 sideritis
668 907 788 969 latifolia
808 907 891 968 clavo
910 906 1024 966 sinistra
1043 924 1127 966 manu

130 989 490 1067 circumfusaadalligatur‚
507 989 692 1051 custodienda
700 993 816 1066 sanatis,
831 1007 974 1049 nerursns
987 995 1050 1048 eata
1062 988 1125 1049 diro

127 1070 329 1132 herbariorum
345 1072 471 1147 scelere,
488 1081 519 1130 ut
532 1073 559 1131 in
570 1073 736 1150 quibusdam
751 1075 881 1148 diximus,
896 1071 1032 1147 rebellet,
1048 1072 1126 1149 quod
1137 1086 1163 1128 m

84 1151 157 1234 {35ss2
167 1163 195 1214 et
214 1155 242 1214 in
256 1155 300 1215 his
317 1173 391 1235 quos
406 1156 548 1234 artemisia
563 1158 708 1216 sanaverit
721 1157 851 1236 praedici
870 1157 998 1234 reperio,
1015 1156 1083 1214 item
1099 1155 1128 1214 iu

85 1236 176 1298 uehis
198 1257 271 1316 quos
292 1238 439 1316 plantago.
476 1239 655 1316 damasium,
679 1258 753 1319 quae
770 1249 798 1300 et
814 1239 896 1300 alcea
913 1247 1050 1312 vocatur,
1073 1238 1126 1298 sub

129 1319 254 1382 solstitio
282 1321 407 1382 collecta
429 1324 576 1403 inponitur
599 1341 636 1382 ex
658 1341 730 1401 aqua
747 1322 866 1383 caelesti
874 1367 883 1396 ,
905 1321 1004 1381 iulium
1030 1322 1126 1381 tritum

128 1403 177 1463 vel
192 1405 274 1465 radix
291 1414 373 1465 tunsa
388 1423 451 1465 cunr
466 1406 591 1482 axungia
606 1408 643 1464 ita
664 1415 692 1465 ut
705 1406 831 1484 inposita
846 1405 917 1463 folio
935 1421 987 1463 suo
1010 1405 1124 1483 operia·

127 1494 182 1545 tur.
215 1490 258 1548 sic
273 1497 302 1548 et
318 1487 353 1547 ad
367 1489 459 1564 omnis
476 1490 599 1549 cervicis
615 1488 732 1548 dolores
744 1499 930 1566 tumoresque
943 1503 1124 1565 quacumque
1136 1500 1162 1542 m

127 1569 155 1628 in
171 1580 262 1647 parte.

83 1661 118 1715 26
192 1653 276 1731 (13.)
300 1653 388 1713 Bellis
409 1656 437 1713 in
460 1653 549 1732 pratis
568 1653 710 1728 nascitur,
736 1654 809 1713 flore
830 1652 915 1728 albo,
942 1651 1123 1730 aliquatenus

125 1734 258 1794 rubente.
317 1736 390 1795 hanc
426 1754 488 1796 cunr
519 1736 662 1795 artemisia
691 1737 798 1795 inlitam
827 1735 1023 1795 efficaciorem
1055 1752 1123 1796 esse

127 1817 261 1894 produnt.

190 1901 275 1981 (14.)
299 1900 480 1962 Condurdum
497 1919 613 1981 quoque
628 1899 718 1960 herba
733 1901 909 1976 solstitialis,
932 1900 1005 1961 flore
1022 1900 1121 1975 rubro,
1135 1918 1163 1958 m

126 1981 270 2062 suspensa
285 1987 312 2045 in
329 1985 406 2045 collo
421 1987 601 2063 conprimere
612 1984 715 2044 dicitur
729 1993 862 2060 strumas,
877 1986 944 2043 item
959 1983 1125 2044 verbenaca

99 2132 102 2140 ,
126 2084 189 2125 cunr
205 2068 382 2146 plantagine.
422 2068 574 2145 digitorum
593 2068 670 2127 vitiis
685 2065 816 2128 omnibus
833 2076 862 2125 et
878 2068 1010 2145 privatim
1026 2075 1123 2146 ptery-

124 2150 183 2225 giis
198 2152 426 2230 quinquefolium
443 2150 582 2210 medetur.

82 2241 116 2296 tt
197 2233 281 2311 (15.)
302 2233 334 2294 ln
350 2233 477 2312 pectoris
496 2235 571 2293 vitiis
587 2233 634 2292 vel
649 2234 849 2309 gravissimum
867 2242 911 2292 est
926 2233 1023 2292 tussis.
1059 2232 1125 2292 huic

125 2314 256 2373 medetur
273 2318 389 2394 panacis
406 2315 487 2375 radix
505 2319 532 2374 in
548 2317 615 2374 vino
630 2315 724 2391 dulci,
750 2335 835 2376 sucus
852 2315 1021 2390 hyoscyami
1035 2316 1122 2376 etiam
1134 2337 1162 2376 cs

122 2395 293 2473 ¹sanguinem
309 2399 543 2476 exscreantibus,
562 2398 644 2458 nidor
659 2414 774 2478 quoque
791 2400 908 2459 accensi
923 2397 1122 2473 tussientibus,

123 2483 190 2541 item
204 2484 348 2544 scordotis
361 2483 450 2543 mixto
461 2485 599 2542 nasturtio
613 2491 642 2542 et
653 2483 748 2543 resina
761 2501 824 2542 cunr
836 2482 921 2543 melle
936 2491 1019 2542 tunsa
1031 2482 1121 2541 arida.

124 2565 194 2625 facit
210 2575 239 2625 et
260 2584 314 2645 per
334 2585 366 2626 se
384 2567 479 2626 facilis
500 2567 737 2640 exscreationes,
753 2569 820 2626 item
837 2565 1011 2626 centaurium
1031 2566 1123 2625 maius

124 2649 171 2708 vel
186 2654 353 2727 sanguinem
369 2648 565 2727 reicientibus,
584 2651 629 2709 cui
644 2651 713 2709 vitio
730 2659 759 2709 et
774 2650 948 2729 plantaginis
962 2665 1050 2707 sucus
1063 2666 1121 2707 me·

80 2741 115 2794 te
128 2733 220 2790 detur.
249 2743 277 2793 et
292 2734 447 2794 Vettonica
468 2733 562 2794 obolis
578 2732 667 2793 tribus
688 2733 715 2791 in
736 2749 810 2812 aqua
832 2741 931 2792 contra
949 2729 1160 2810 purulentasao

125 2823 282 2892 contraque
298 2825 432 2876 cruentas
445 2817 673 2892 exscreationes,
684 2815 861 2893 persollatae
875 2814 957 2875 radix
967 2813 1121 2875 drachmae

125 2895 263 2973 ponderis
292 2917 355 2957 cum
387 2899 479 2975 pineis
514 2897 625 2957 nucleis
655 2897 802 2975 undecim,
832 2897 992 2977 peucedani
1022 2915 1120 2957 sucus.

123 2981 254 3056 pectoris
270 2980 419 3040 doloribus
435 2997 551 3039 acomm
566 2980 717 3057 subvenit,
736 2989 764 3040 et
780 2981 846 3041 ideo
864 2981 998 3041 antidotis
1014 2982 1120 3041 misce·

123 3071 178 3138 tur,
198 3065 268 3122 tussi
285 3063 416 3139 daucum,
436 3064 503 3123 item
519 3062 653 3137 Scythica
668 3063 769 3124 herba.
808 3083 842 3124 ea
858 3064 974 3125 demum
988 3062 1120 3124 omnibus

116 3149 252 3225 pectoris
264 3148 356 3220 vitiis,
374 3148 444 3207 tussi
460 3156 489 3207 et
509 3146 660 3225 purulenta
677 3148 897 3209 exscreantibus
915 3147 1010 3208 obolis
1027 3147 1156 3206 trihuses

80 3239 115 3293 29
126 3231 154 3289 in
170 3233 248 3308 passi
263 3231 397 3306 totidem,
418 3228 588 3290 verbascum
605 3232 685 3291 cuius
702 3240 746 3291 est
762 3231 816 3291 flos
840 3249 954 3291 aureus.
998 3229 1027 3290 6.
1051 3230 1118 3290 huic

123 3322 198 3374 tanta
220 3316 264 3374 vis
286 3323 315 3375 ut
334 3315 465 3372 iumentis
490 3315 575 3373 etiam
596 3331 655 3374 non
675 3313 862 3375 tussientibus
883 3313 969 3373 modo
994 3311 1046 3373 sed
1069 3314 1118 3373 ilia

123 3414 239 3476 quoque
264 3395 441 3459 trahentibus
470 3397 622 3458 auxilietur
648 3407 734 3477 potu,
765 3397 842 3476 quod
871 3406 900 3456 et
927 3396 962 3456 de
984 3397 1118 3473 gentiana
