2400 3840
297 193 378 242 nar.
394 194 486 242 rursu.
503 190 658 244 xarinus.
676 189 717 242 ιο.
736 185 888 261 (to-47.)
1047 190 1086 247 47

90 345 189 423 aiunt,
219 348 243 407 si
271 347 356 406 bovis
383 349 503 408 castrati
532 350 632 408 urinae
657 351 812 410 misceatur
839 352 869 409 iu
890 359 960 429 potu
986 354 1034 413 vel
1057 357 1086 414 in

90 430 171 509 ciho,
187 446 326 490 venerem
341 430 424 490 liniri.
441 430 540 513 ¹carim
556 450 594 492 ex
608 449 646 492 eo
661 440 772 509 genere
788 435 867 493 urina
884 452 918 494 ea
931 437 1086 497 restinctus

89 517 121 575 in
137 513 239 574 umbra
259 514 410 590 conditur,
442 514 518 574 idem
544 533 607 575 curn
633 514 723 576 libeat
754 517 932 594 accendere,
964 520 1086 580 resolvi-

91 607 147 666 tur,
177 599 254 674 magi
269 597 298 656 id
316 606 346 656 et
362 616 400 658 ex
415 598 552 675 spadonis
569 601 651 659 urina
666 599 730 659 fieri
748 601 932 660 tradiderunt.

67 700 81 738 s
158 683 205 741 10.
225 679 307 759 (43.)
340 679 402 740 Ν44
416 683 499 758 virga
514 685 670 759 sanguinea
688 683 804 744 felicior
821 684 950 744 hahetur.
979 695 1082 747 cortex
1093 698 1128 754 73

92 768 156 826 eius
171 766 297 825 interior
314 767 466 826 cicatrices
482 782 555 842 quae
573 784 769 844 praeeminere
791 770 893 846 aperit.

153 848 236 928 (44.)
268 847 371 907 Sileris
395 848 466 909 folia
491 849 571 908 inlita
596 850 685 909 fronti
711 853 813 929 capitis
837 850 955 912 dolores
975 851 1084 913 sedant,

92 932 224 993 eiusdem
245 950 345 991 semen
368 933 522 992 contritum
542 933 571 992 in
586 933 654 993 oleo
677 932 844 1012 phthiriasis
866 944 985 997 coercet
1024 956 1086 998 ser·

10 996 13 1095 )
91 1024 197 1095 pentes
219 1023 249 1074 et
269 1015 344 1074 hunc
365 1016 499 1075 fruticem
522 1017 669 1093 refugiunt
684 1017 872 1096 baculumque
890 1021 989 1080 rustici
1006 1022 1043 1080 oh
1058 1021 1086 1081 id

58 1110 131 1160 toex
148 1116 187 1159 eo
200 1106 313 1176 gerunt.

55 1244 59 1252 ,
151 1183 232 1262 (45).
263 1180 426 1259 ligustrum
443 1185 467 1242 si
490 1185 590 1245 eadem
605 1184 693 1246 arbor
710 1192 756 1245 est
772 1202 845 1261 quae
862 1187 1019 1248 inoriente
1035 1197 1129 1264 opti

90 1284 179 1345 pros,
196 1283 265 1327 suos
282 1267 311 1325 in
326 1264 443 1345 Europa
459 1286 528 1328 usus
544 1268 648 1345 hahet,
667 1286 752 1328 sucus
773 1269 835 1327 eius
851 1269 883 1330 in
900 1288 1024 1347 nervos,
1043 1289 1087 1330 ar·

10 1366 13 1459 q
91 1349 219 1427 ticulos,
239 1348 376 1427 algores,
408 1351 479 1410 folia
500 1352 607 1429 ubique
626 1352 721 1411 reteri
739 1350 828 1410 ulceri
846 1370 909 1411 curn
930 1352 999 1413 salis
1014 1356 1086 1414 mica

10 1462 12 1469 ·
92 1440 123 1494 et
140 1434 200 1493 oris
218 1433 428 1493 exulcerationi
445 1445 586 1513 prosunt,
602 1436 674 1494 acini
693 1443 793 1495 contra
811 1434 1000 1512 phthiriasim,
1015 1439 1085 1497 item

10 1512 12 1545 ²
59 1528 82 1568 ¹⁵
93 1523 194 1578 contra
209 1519 409 1594 intertrigines
427 1518 474 1578 vel
487 1519 566 1579 folia.
601 1526 700 1578 sanant
712 1526 742 1578 et
755 1517 981 1594 gallinaceorum
1002 1521 1085 1598 pitui-

93 1609 137 1661 tar
151 1602 235 1661 acini.

19 1748 26 1763 ,
151 1684 233 1764 (46.)
262 1683 343 1744 Folia
362 1684 418 1745 alni
435 1685 1006 1763 exterrentiaquacertissinroremedio
1020 1695 1085 1745 sunt
1132 1706 1136 1712 ·

93 1769 221 1828 tumoris.

153 1850 235 1931 (47.)
266 1850 401 1914 llederae
430 1872 541 1930 genera
564 1855 665 1929 uiginti
687 1853 953 1913 demonstrauimus.
984 1861 1082 1912 natura
1093 1862 1127 1916 75

54 1949 81 1992 ao
93 1936 218 1995 omnium
233 1936 261 1995 in
277 1936 416 1998 medicina
431 1954 546 2016 anceps.
580 1943 703 1995 mentem
719 1937 815 1996 turbat
829 1945 860 1996 et
874 1944 959 2014 caput
974 1953 1039 2013 pur·
1052 1932 1127 2019 “pff

90 2026 141 2096 gat
156 2019 265 2098 largius
285 2028 372 2097 pota,
391 2022 489 2080 nervis
514 2023 590 2080 intus
611 2027 716 2095 nocet,
739 2019 840 2080 iisdem
863 2019 985 2097 [neruis]
1009 2017 1086 2076 adhi-

91 2101 151 2162 bita
167 2102 242 2162 foris
260 2103 390 2180 prodest.
426 2103 525 2164 eadem
541 2112 639 2163 natura
655 2120 729 2180 quae
745 2111 829 2164 aceto
841 2110 894 2162 est.
929 2103 1021 2161 omnia
1035 2119 1086 2178 ge·

91 2203 162 2246 nera
189 2186 251 2245 elus
274 2187 457 2264 refrigerant.
487 2189 595 2247 urinam
613 2187 690 2246 cient
714 2195 805 2266 potu,
825 2188 926 2265 capitis
954 2183 1086 2245 dolorem

92 2269 211 2345 sedant,
229 2271 387 2348 praecipue
403 2271 528 2332 cerebro
545 2272 763 2349 continentique
779 2271 930 2331 cerebrum
947 2267 1087 2329 membra·

56 2366 83 2406 2⁵
93 2371 148 2414 nae
160 2352 271 2413 utiliter
284 2353 421 2414 mollibus
438 2355 573 2432 inpositis
589 2353 669 2414 foliis
684 2372 747 2413 cum
759 2362 843 2415 aceto
856 2362 887 2415 et
901 2369 1025 2414 rosaceo
1037 2353 1086 2412 tri·

94 2437 131 2496 tis
147 2443 179 2496 et
190 2436 332 2513 decoctis,
348 2436 444 2498 addito
463 2445 567 2515 postea
582 2454 705 2498 rosaceo
722 2437 799 2498 olao.
815 2437 972 2497 inlinuntur
988 2445 1083 2497 autem
1093 2445 1127 2500 76

91 2519 180 2580 fronti
203 2527 233 2580 et
258 2521 382 2581 decocto
407 2538 508 2581 eorum
528 2522 644 2580 fovetur
667 2538 700 2580 os
723 2528 865 2599 caputque
888 2520 1084 2599 perunguitur.
1117 2550 1122 2559 ·

91 2601 161 2663 lieni
177 2611 207 2663 et
223 2611 292 2680 pota
307 2612 336 2663 et
351 2604 434 2664 inlita
450 2612 581 2682 prosunt.
615 2604 793 2665 decocuntur
811 2612 840 2663 et
864 2611 964 2662 contra
984 2602 1086 2662 horro-

91 2704 140 2746 res
155 2685 280 2746 fehrium
296 2690 525 2767 eruptionesque
540 2689 660 2764 pituitae
675 2696 723 2748 aut
738 2689 767 2747 in
780 2688 848 2746 vino
865 2694 1002 2746 teruntur.
1038 2701 1086 2745 co·

56 2770 184 2847 ttrymbi
203 2786 319 2850 quoque
340 2774 402 2851 poti
424 2771 472 2832 vel
493 2772 566 2831 inliti
581 2770 688 2833 lienern
710 2780 827 2849 sanant,
846 2771 976 2831 iocinera
992 2777 1085 2829 nutam

90 2852 173 2914 inliti.
206 2853 320 2915 trahunt
335 2863 365 2915 et
381 2874 498 2916 menses
517 2855 649 2934 adpositi.
681 2874 766 2916 sucus
783 2855 911 2916 hederae
932 2853 1025 2913 taedia
1040 2871 1086 2913 na·

90 2939 162 2998 rium
194 2937 483 3018 graveolentiamque
509 2939 657 3016 emendat,
678 2941 835 3019 praecipue
858 2938 941 2999 alhae
965 2939 1083 2997 sativae.

90 3021 166 3082 idern
180 3021 291 3082 infusus
307 3023 424 3082 naribus
440 3032 525 3101 caput
542 3031 656 3102 purgat,
672 3023 817 3083 efficacius
830 3021 926 3082 addito
940 3023 1023 3080 nitro.
1041 3023 1081 3079 iu·
1093 3030 1126 3085 tt

20 3104 25 3113 '
90 3103 218 3165 funditur
239 3105 326 3164 etiarn
345 3106 506 3183 purulentis
524 3107 641 3166 auribus
664 3115 712 3166 aut
737 3106 902 3167 dolentibus
922 3105 1083 3165 curu-oleo.

58 3195 81 3237 ¹⁶
91 3187 274 3247 cicatricibus
289 3205 405 3266 quoque
422 3189 559 3250 decorem
573 3190 650 3250 facit.
682 3190 716 3251 ad
731 3190 824 3250 lienes
844 3189 989 3250 efficacior
1001 3188 1083 3248 albae

12 3264 17 3341 l
90 3269 171 3331 ferro
187 3270 361 3348 calefactus,
380 3274 452 3332 satis
469 3281 515 3332 est
530 3275 628 3333 acinos
645 3291 699 3335 ser
719 3276 748 3333 in
770 3276 827 3333 riui
844 3272 953 3349 cyathis
970 3271 1083 3331 duobus

10 3362 30 3737 q
91 3354 171 3413 sumi.
203 3356 277 3414 acini
294 3373 332 3414 ex
348 3355 449 3416 eadem
464 3355 529 3415 alba
546 3357 620 3416 terni
635 3358 664 3417 in
679 3364 763 3417 aceto
779 3357 872 3417 mulso
889 3358 951 3434 poti
973 3355 1083 3414 taenias

10 2082 17 2129 ι’

10 2146 14 2189 1

91 3435 219 3513 pellunt,
234 3439 264 3497 in
279 3455 335 3514 qua
349 3441 499 3499 curatione
514 3441 608 3499 ventri
626 3457 743 3517 quoque
758 3439 927 3518 inposuisse
942 3454 999 3496 eos
1011 3436 1094 3495 utile
