2400 3840
241 267 245 272 1
265 198 345 246 uir.
360 185 450 246 nrs'r.
466 184 574 245 xxnn.
591 192 700 246 11-13.
713 185 864 265 (or-ao.)
1010 176 1051 249 53

59 352 198 414 aculeatis
215 361 269 430 per
283 351 482 412 extremitates
498 359 529 412 et
546 357 686 419 araneosa
701 350 835 430 lanugine
851 351 991 412 obductis.
1017 369 1053 412 ea

59 435 184 496 collecta
212 435 298 494 etiam
328 442 427 494 vestes
449 435 587 512 quaedam
612 434 792 511 bombycinis
807 433 915 495 similes
938 435 1008 494 liunt
1023 436 1052 495 iri

61 521 183 579 oriente.
216 519 280 597 ipsa
298 517 368 578 folia
397 516 447 577 vel
468 519 581 578 radices
602 519 637 579 ad
656 518 783 579 remedia
805 517 984 598 opisthotoni
1009 518 1050 577 bi·

60 604 173 663 buntur,

39 714 51 754 ⁶
121 686 204 766 (67.)
233 684 270 745 m
285 687 380 745 acacia
397 692 443 744 est
455 686 544 764 spina.
572 685 603 743 nt
616 685 645 744 in
660 685 799 763 Aegypto
811 683 876 744 alba
891 687 1032 762 nigraque
1045 696 1095 750 109

60 756 186 845 arbore,
212 771 281 829 item
297 767 400 844 rir'idi,
425 768 478 828 sed
502 767 591 845 longe
611 767 715 828 melior
736 786 753 827 e
776 768 932 847 prioribus.
965 769 997 826 iit
1023 774 1053 828 et

60 855 90 912 in
106 850 216 912 Galatia
230 851 384 911 deterrima
400 852 566 930 spinosiore
583 850 699 912 arbore.
732 849 838 911 Semen
855 853 979 911 omnium
989 852 1050 911 len-

60 933 167 994 ticulae
188 935 298 1012 simile,
320 936 432 993 minore
450 934 556 993 tantum
569 942 599 994 et
615 951 707 1011 grano
723 942 754 994 et
769 933 909 995 folliculo.
940 934 1057 1013 colligi·

61 1026 108 1077 tur
124 1025 275 1094 autumno,
291 1025 358 1077 ante
374 1017 529 1077 collectum
544 1018 631 1077 nimio
648 1016 777 1077 validius.
808 1018 951 1095 spissatur
966 1036 1054 1077 sucus

27 1120 52 1167 rs
62 1118 102 1180 en
117 1099 257 1160 folliculis
277 1106 349 1178 aqua'
366 1099 486 1160 caelesti
500 1100 644 1178 perfusis,
659 1108 727 1161 mon
740 1101 770 1159 in
781 1099 839 1178 pila
849 1103 941 1159 tunsis
955 1104 1053 1181 expri·
1090 1097 1093 1103 ’

60 1185 145 1243 mitur
165 1185 299 1260 organis,
330 1191 396 1243 tune
416 1182 553 1243 densatur
566 1186 596 1242 in
619 1183 683 1243 sole
703 1185 848 1242 mortariis
866 1185 895 1242 in
909 1184 1051 1262 pastillos.

62 1268 93 1326 fit
115 1274 146 1326 et
166 1266 244 1326 foliis
263 1268 355 1325 minus
378 1267 489 1326 efficax.
518 1265 553 1325 ad
575 1269 655 1348 coria
674 1266 850 1344 perficienda
869 1269 979 1327 semine
998 1274 1054 1346 pr'o

60 1349 137 1428 galla
154 1356 278 1409 utuntur.
309 1349 446 1408 foliorum
466 1365 552 1408 sucus
572 1358 603 1409 et
617 1347 762 1409 Galaticae
780 1349 894 1408 acaciae
910 1351 1032 1428 nigerri·
1044 1362 1095 1415 110

60 1450 122 1493 raus
138 1433 324 1511 inprobatur,
349 1433 419 1492 item
440 1434 488 1510 qui
503 1431 588 1493 ralde
608 1433 696 1492 rufus.
724 1442 869 1510 purpurea
889 1439 937 1490 aut
955 1433 1053 1493 leuco·

27 1543 53 1585 15
82 1516 154 1576 baeu
170 1521 200 1576 e't
215 1524 288 1594 quae
302 1515 437 1575 facillime
453 1514 569 1576 diluitur
589 1516 618 1574 vi
637 1530 743 1575 summa
761 1514 796 1574 ad
816 1514 994 1592 spissandum
1008 1535 1054 1576 re·

15 1645 17 1648 ,
60 1534 316 1677 digerandnmqae'
327 1606 390 1677 est,
410 1597 557 1659 oculorum
573 1597 788 1658 medicamentis
806 1606 872 1657 ante
887 1597 943 1658 alia
964 1597 1052 1659 utilis.

61 1682 191 1742 lavantur
206 1685 236 1742 in
253 1689 306 1743 eos'
323 1691 392 1742 usus
408 1682 528 1761 pastilli,
548 1682 583 1742 ab
601 1681 666 1741 aliis
682 1689 841 1757 torrentur,
856 1681 891 1740 ab
908 1681 972 1742 aliis
987 1700 1053 1761 per·

62 1773 188 1826 uruntur.
220 1765 353 1844 capillum
385 1767 514 1843 tingunt,
543 1772 644 1825 sanant
670 1767 768 1843 ignem
796 1779 924 1842 sacrum,
955 1765 1053 1825 ulcera

62 1865 136 1926 quae
153 1858 273 1928 serpunt
291 1857 320 1909 et
336 1849 428 1908 umida
444 1851 514 1909 vitia
528 1851 678 1927 corporis,
694 1848 898 1924 collectiones,
915 1849 1053 1908 articulos

25 1939 237 2007 ciconinum,
255 1934 431 2009 perniones,
443 1933 585 2010 pterygia.
614 1932 811 1991 abundantiam
824 1948 953 1990 mensum
968 1934 997 1990 in
1012 1932 1053 1991 ie·

61 2016 144 2073 minis
160 2015 264 2074 sistunt
283 2013 453 2091 tolvamque
474 2022 504 2074 et
519 2015 618 2075 sedern
633 2015 828 2092 procidentis,
851 2014 920 2072 item
940 2015 1052 2091 oculos,

65 2099 125 2157 oris
144 2097 241 2160 ulcera
256 2105 286 2156 et
304 2097 480 2175 genitalium.

130 2181 177 2242 13.
202 2179 285 2259 (68.)
326 2180 463 2258 Volgaris
484 2197 599 2258 quoque
621 2180 694 2240 baec
715 2181 796 2258 spina
817 2198 856 2240 ex
872 2198 927 2258 qua
942 2196 1033 2240 aenae
1046 2191 1092 2245 111

61 2263 201 2324 fulloniae
217 2263 363 2342 inplentur
379 2265 482 2324 radiols
499 2282 567 2323 usus
579 2263 674 2324 babet.
705 2280 760 2343 per
773 2261 924 2342 Hispanias
939 2264 1054 2341 quidem

26 2346 143 2410 tumulti
158 2354 188 2407 et
205 2348 281 2407 inter
299 2347 407 2407 odores
423 2355 453 2408 et
468 2346 503 2407 ad
517 2355 664 2424 unguenta
677 2354 794 2406 utuntur
808 2346 857 2407 illa
878 2346 1055 2426 aspalathum

62 2438 210 2491 vocantes.
253 2439 299 2491 est
324 2432 388 2492 sine
413 2430 500 2491 dubio
524 2429 581 2489 boc
604 2432 719 2490 nomine
742 2432 823 2508 spina
850 2429 994 2491 silvestris
1024 2431 1055 2489 in

64 2514 195 2589 oriente,
213 2522 243 2573 ut
261 2514 394 2591 diximus,
411 2512 539 2589 candida,
553 2512 747 2590 magnitudine
771 2513 885 2572 arboris
903 2515 1006 2589 iustae,
1021 2530 1050 2575 n,
1064 2532 1097 2567 nu

63 2596 146 2675 (aas)
161 2597 214 2656 sed
226 2604 256 2656 et
268 2597 367 2657 frutex
384 2596 528 2672 humilior,
544 2612 637 2672 aeque
652 2597 806 2673 spinosus,
827 2597 856 2653 in
874 2594 982 2672 Nisyro
1002 2603 1032 2654 et
1044 2605 1095 2659 112

62 2678 242 2739 Rhodiorum
267 2680 386 2755 insulis,
415 2695 500 2756 quem
526 2677 573 2738 alii
598 2681 844 2757 erysisceptrum,
872 2677 920 2737 alii
944 2679 1055 2756 adipsa-

27 2762 170 2839 totbeon,
197 2761 262 2839 Syri
284 2762 420 2840 diaxylon
444 2768 556 2822 vocant.
587 2769 718 2840 optumus
739 2763 787 2839 qui
808 2763 930 2821 minume
950 2761 1055 2822 ferula-

63 2859 151 2922 ceus,
166 2845 274 2906 rubens
291 2848 382 2906 autin
400 2862 553 2924 purpuram
566 2861 693 2922 vergens
708 2844 839 2906 detractu
855 2847 974 2905 cortice.
1008 2862 1056 2905 na·

63 2930 155 2989 soitnr
169 2927 299 3007 pluribus
317 2927 411 3005 locis,
431 2929 483 2988 sed
500 2943 557 2989 non
569 2929 677 3007 ubique
693 2929 839 2989 odoratus.
874 2945 957 3006 quam
977 2930 1035 2988 rim
1046 2941 1098 2994 113

63 3011 186 3072 baberet
203 3011 325 3072 caelesti
340 3029 408 3072 arcu
419 3014 449 3071 in
464 3029 529 3071 eum
545 3012 644 3071 innixo
662 3012 792 3071 diximus.
824 3020 905 3072 sanat
920 3019 1098 3072 tacuerant

65 3096 126 3154 oris
142 3093 241 3154 ulcera
255 3103 286 3155 et
298 3106 433 3171 ozaenas,
451 3094 588 3172 genitalia
603 3091 770 3155 exulcerata
786 3102 835 3154 aut
850 3095 1055 3155 carbunculan-

29 3179 116 3259 aetia,
132 3179 203 3237 itam
224 3178 377 3255 rbagadia,
402 3177 565 3238 inflationes
585 3184 657 3255 potu
681 3177 798 3238 discutit
821 3186 851 3238 et
869 3180 1053 3254 strangurias.

64 3268 169 3322 cortex
184 3263 351 3338 sanguinem
367 3260 552 3321 reddentibus
565 3259 704 3320 medetur.
721 3260 872 3320 decoctum
884 3262 946 3321 eius
962 3260 1055 3318 alvom

65 3345 151 3403 sistit.
181 3343 285 3404 similla
300 3351 450 3423 praestare
465 3343 629 3403 silvestrem
644 3360 760 3422 quoque
775 3350 883 3421 putant.

123 3426 207 3505 (70.)
236 3425 324 3506 Spina
340 3435 386 3487 est
396 3419 541 3504 appendix
555 3426 716 3504 appellata,
736 3426 870 3502 quoniam
884 3425 975 3484 bacae
990 3435 1108 3502 pu-ttc
