2400 3840
332 205 412 252 nnr.
431 203 522 252 uror.
537 204 638 254 xxrn.
655 201 680 252 a.
691 198 718 252 s.
738 192 892 270 (tr-77.)
1076 191 1115 253 29

117 356 162 416 his
179 364 281 418 contra
296 357 534 420 vehementiores
546 358 684 419 stomachi
694 361 830 420 rosiones
842 360 1004 419 cucumeris
1017 377 1116 419 semen

119 448 149 500 et
164 457 250 500 sucus
274 441 458 518 porcillacae.
486 444 556 503 item
576 443 610 502 ad
634 445 751 504 vesicae
775 443 873 502 ulcera
891 450 921 502 ct
939 445 1030 520 renis,
1047 460 1116 520 quo·

117 525 193 582 niam
208 531 239 583 et
255 527 364 585 urinam
379 527 464 585 cient.

181 607 265 685 (75.)
294 607 473 687 hmygdalae
494 627 608 670 amarae
628 610 753 671 radicum
776 609 928 671 decoctum
950 617 1045 670 cutem
1065 612 1095 669 iu
1108 619 1159 673 144

94 692 194 751 slacio
216 693 338 769 corrigit
358 693 546 771 coloremque
561 693 729 755 hilariorem
743 694 822 754 lacit.
838 711 927 754 nuces
943 695 1025 772 ipsae
1042 711 1116 753 som-

118 793 184 835 num
202 775 310 835 iaciunt
332 778 560 855 sterilitatem,
589 780 698 837 urinam
713 785 744 838 ct
757 795 874 837 menses
893 779 979 837 cient.
1013 778 1116 855 capitis

118 857 213 918 dolori
229 858 387 919 inlinuntur
399 878 589 939 maxumeque
600 863 629 920 in
641 861 761 938 lebri,si
773 861 809 922 ab
822 861 980 936 ebrietate,
989 863 1019 920 in
1030 867 1115 921 aceto

119 950 150 1002 et
164 958 289 1002 rosaceo
302 951 332 1003 et
343 961 433 1020 aquae
446 946 583 1004 sextario.
602 953 632 1004 et
646 945 815 1021 sanguinem
831 947 936 1004 sistunt
948 943 1117 1021 cumamon

120 1034 150 1085 ct
172 1032 285 1102 menta,
305 1025 475 1104 lethargicis
500 1036 530 1086 et
548 1028 740 1088 comitialibus
768 1036 900 1106 prosunt.
935 1030 1031 1107 capite
1051 1045 1116 1106 per-

84 1117 206 1170 rouncto
224 1108 403 1188 epinyctidas
417 1119 533 1188 sanant,
550 1131 567 1171 e
582 1113 650 1172 vino
665 1120 769 1172 vetere
789 1111 888 1171 ulcera
908 1113 1115 1190 putrescentia,

119 1210 220 1253 canum
233 1210 347 1252 morsus
365 1211 429 1252 cum
443 1193 529 1254 melle
546 1204 576 1254 et
589 1195 716 1257 furfures
730 1213 768 1255 ex
784 1195 859 1254 lucie
873 1203 939 1254 ante
955 1196 1018 1255 lotn
1034 1213 1117 1274 prae·

119 1284 237 1354 parata,
255 1279 324 1335 item
339 1278 478 1337 iocineris
495 1286 526 1338 et
541 1280 651 1338 renium
669 1277 789 1339 dolores
808 1296 847 1337 ex
861 1295 934 1354 aqua
956 1288 1065 1357 potae,
1086 1285 1117 1338 ct

119 1377 210 1438 saepe
225 1379 264 1419 en
279 1360 432 1438 ecligmate
449 1378 513 1420 cum
531 1363 628 1422 resina
649 1361 853 1421 terebinthina.
891 1360 1044 1421 calculosis
1067 1369 1097 1422 et
1109 1372 1159 1425 llt

119 1444 347 1513 diihcilinrinae
366 1446 394 1504 in
406 1461 495 1522 passo
514 1453 544 1504 et
557 1445 592 1504 ad
604 1445 779 1523 purgandam
790 1452 885 1504 cutem
901 1446 931 1502 in
943 1461 1015 1521 aqna
1025 1444 1117 1503 mulsa

84 1529 206 1588 nutritae
231 1536 297 1588 suut
314 1529 460 1588 ellicaces.
492 1537 615 1607 prosunt
640 1529 793 1606 ecligmate
815 1529 955 1606 iocineri,
985 1529 1057 1587 tussi
1086 1537 1117 1588 et

119 1611 185 1671 colo
206 1630 270 1672 cnm
283 1611 463 1690 elelisphaco
478 1612 591 1673 modice
606 1613 711 1673 addito.
744 1615 773 1672 in
787 1611 874 1672 melle
895 1614 1016 1672 sumitur
1036 1613 1117 1672 nucis

118 1694 269 1755 abellanae
284 1695 459 1772 magnitudo.
492 1698 570 1758 aiunt
582 1697 677 1774 quinis
692 1698 756 1756 lere
779 1697 972 1775 praesumptis
991 1695 1116 1756 ebrieta-

119 1787 177 1839 tem
192 1795 250 1838 non
269 1781 381 1839 sentire
398 1788 539 1857 potores,
553 1780 725 1859 vnlpisque,
740 1781 765 1839 si
781 1779 896 1840 ederint
912 1799 962 1841 eas
978 1798 1033 1839 nec
1048 1797 1116 1838 con-

119 1863 212 1939 tingat
228 1881 244 1921 e
261 1863 356 1922 vicino
368 1879 469 1939 aquam
483 1863 628 1940 lambere,
643 1866 725 1924 ruori.
761 1866 852 1923 minus
869 1864 966 1924 valent
980 1865 1009 1922 in
1023 1880 1116 1922 reme·

83 1944 174 2004 aodiis
195 1945 312 2023 dulces,
334 1954 365 2006 ct
380 1945 434 2005 hae
458 1954 552 2006 tamen
573 1956 715 2025 purgant,
736 1948 847 2006 urinam
858 1949 945 2007 cient.
979 1954 1116 2007 recentes

119 2028 294 2088 stomachum
311 2029 430 2108 inplent.

180 2112 263 2190 (76.)
292 2111 420 2172 Nucibns
450 2112 568 2174 Graecis
595 2132 658 2173 cnm
673 2112 798 2174 absinthi
818 2114 929 2173 semine
952 2129 990 2172 ex
1012 2120 1096 2172 aceto
1109 2121 1160 2176 146

120 2198 240 2274 sumptis
257 2195 375 2256 morbus
392 2198 492 2274 regius
507 2199 600 2258 sanari
621 2198 743 2274 dicitur,
766 2196 870 2257 iisdem
894 2197 984 2257 inlitis
1007 2213 1061 2274 per
1083 2214 1117 2255 se

119 2281 189 2339 vitia
204 2279 283 2339 sedis
301 2289 331 2339 et
347 2282 480 2358 privatim
498 2281 710 2360 condylomata,
723 2283 794 2342 item
809 2284 898 2342 tussis
915 2289 945 2341 ct
967 2281 1116 2356 sanguinis

83 2365 252 2424 nereiectio.
339 2403 342 2406 >

181 2448 263 2526 (77.)
295 2447 393 2508 Nuces
409 2447 550 2525 iuglandis
563 2447 665 2509 Graeci
682 2451 812 2528 acapitis
826 2447 1159 2526 gravedineappel·14'l

119 2531 227 2590 lavere.
264 2533 372 2591 etenim
396 2530 531 2591 arborum
555 2533 681 2609 ipsarum
701 2532 894 2608 foliorumque
920 2534 998 2590 virus
1019 2534 1117 2591 ince-

117 2615 235 2675 rebrnm
260 2623 413 2693 penetrat,
432 2615 489 2674 boc
509 2616 621 2674 minore
640 2623 786 2674 tormento
812 2615 864 2675 sed
886 2617 915 2673 in
929 2614 1002 2674 cibis
1021 2614 1116 2675 nuclei

118 2698 233 2757 iaciunt.
269 2706 335 2758 suut
358 2707 454 2758 autem
479 2706 615 2758 recentes
637 2697 841 2776 iucundiores,
864 2700 960 2758 siccae
976 2701 1116 2776 unguino-

84 2782 216 2842 seriores
235 2791 265 2842 et
281 2782 430 2842 stomacho
445 2782 580 2859 inutiles,
597 2781 730 2842 difficiles
749 2791 902 2860 concocta,
914 2784 1017 2860 capitis
1036 2781 1117 2840 dolo·

119 2883 181 2927 rem
191 2866 364 2943 inferentes,
378 2867 566 2927 tussientibus
578 2868 722 2945 inimicae,
737 2868 887 2928 vomituris
899 2867 1004 2926 ieiunis
1020 2873 1117 2943 aptae,

120 2956 270 3026 tenesmo,
286 2950 371 3027 colo,
387 2950 501 3010 trahunt
516 2952 593 3011 enirn
604 2953 742 3030 pituitam.
777 2950 898 3012 eaedem
913 2956 1117 3028 praesumptae

118 3050 232 3094 venena
258 3033 414 3109 hebetant,
440 3037 510 3095 item
524 3036 656 3111 anginam
676 3054 739 3095 cnm
753 3043 816 3095 rnta
834 3043 865 3094 et
880 3033 957 3094 oleo.
988 3034 1057 3092 item
1071 3030 1118 3090 ad·

118 3126 273 3178 versantur
283 3120 365 3196 cepis
377 3118 545 3195 leniuntque
558 3136 656 3179 earnm
668 3136 810 3199 saporem.
825 3120 934 3178 aurium
945 3116 1097 3177 inflamma·
1111 3124 1160 3177 148

84 3200 191 3260 astioni
208 3202 395 3280 inponuntur,
412 3219 476 3261 cum
489 3202 583 3262 mellis
601 3204 709 3281 exigno
727 3211 756 3263 et
773 3210 837 3262 ruta
848 3205 974 3261 mammis
992 3208 1022 3260 et
1038 3199 1118 3258 luxa·

119 3284 174 3360 tis,
192 3301 255 3344 cum
270 3303 343 3365 cepa
361 3294 456 3346 antem
472 3294 502 3345 et
516 3286 577 3346 sale
600 3296 629 3346 et
646 3286 733 3347 melle
748 3288 828 3346 cauis
843 3284 1025 3362 hominisque
1043 3299 1118 3343 mor·

119 3368 173 3427 sni.
204 3371 349 3447 putamine
366 3370 447 3430 nucis
469 3370 611 3447 iuglandis
633 3370 703 3430 dens
720 3388 808 3430 cavos
823 3371 953 3430 inuritur.
983 3375 1118 3447 putamen

119 3451 301 3513 combustum
315 3455 470 3531 tritumque
485 3454 514 3512 in
532 3454 600 3515 cleo
619 3462 667 3513 aut
682 3455 751 3514 vino
771 3454 929 3514 iniuntium
945 3454 1051 3528 capuae
1058 3466 1135 3522 uex-
