2400 3840
118 182 159 245 86
463 200 492 247 0.
509 201 604 246 ruum
624 199 775 248 sscuuur

77 361 111 416 99
184 352 266 429 (55.)
287 350 397 411 Verum
421 360 451 412 et
472 353 595 413 allectus
616 371 744 432 ususque
768 354 880 415 dicendi
907 363 972 414 sunt
996 356 1111 416 ordien-

119 433 241 513 dumque
265 453 282 494 a
304 433 444 495 malorum
464 439 588 497 omniurn
608 439 736 515 pessimo
759 446 819 514 est,
841 438 1021 515 serpentium
1040 440 1108 500 ictu.

119 516 269 578 medentur
290 536 362 594 ergo
384 517 547 581 Britannica
566 519 668 597 herba,
689 522 805 598 panacis
827 522 950 580 omnium
969 540 1110 598 generum

118 600 200 661 radix
223 621 239 661 e
261 603 341 678 vino,
364 599 493 662 Chironii
517 612 547 663 et
572 603 627 663 llos
650 612 680 662 et
708 622 808 663 semen
835 612 935 683 potum
960 603 1109 666 inlitumve

120 703 158 743 ex
180 686 247 744 vino
272 693 301 744 et
330 684 409 761 oleo,
435 688 567 763 privatim
591 704 665 763 quae
687 686 780 746 cunila
805 687 911 747 bubula
935 686 1130 766 appellatur,s

119 766 287 828 Polemonia
302 767 350 826 vel
364 766 537 829 Philetaeris
552 769 657 830 radicis
672 768 813 829 drachmis
826 778 961 848 quattuor
971 773 1001 830 in
1014 788 1108 847 mero,

77 863 128 915 100
139 850 273 927 Teucria,
297 851 438 926 sideritis,
457 852 602 912 scordotis
624 871 663 912 ex
682 855 762 929 vino,
783 855 918 931 priuatim
937 853 972 913 ad
995 857 1108 930 anguis,

120 944 189 1012 pota
213 943 243 994 et
265 933 346 993 inlita
368 935 432 994 sive
456 952 526 996 suco
548 938 611 994 sive
634 935 707 996 lolio
730 938 793 996 sive
817 936 952 1013 decocto,
978 941 1108 996 centauri

119 1019 235 1077 maioris
257 1016 338 1077 radix
357 1016 489 1077 drachma
509 1020 539 1077 in
559 1021 618 1078 vini
636 1019 694 1079 albi
716 1020 826 1095 cyathis
848 1020 951 1096 tribus,
970 1018 1109 1080 Gentiana

119 1101 277 1178 praecipue
292 1099 431 1166 aduersus
453 1102 554 1178 anguis
576 1102 684 1162 duabus
708 1101 848 1162 drachmis
869 1121 932 1162 cum
953 1105 1056 1181 pipere
1079 1111 1143 1165 etro

119 1192 192 1259 ruta,
218 1185 275 1243 vini
299 1183 409 1260 cyathis
434 1203 504 1261 sex,
526 1187 588 1245 sive
612 1185 710 1245 viridis
734 1187 798 1246 sive
819 1188 904 1247 sicca.
937 1193 967 1245 et
984 1184 1109 1262 Lysima-

78 1280 125 1332 101
139 1266 220 1327 chiae
243 1267 363 1327 odorem
379 1268 501 1345 lugiunt.
533 1269 615 1329 datur
630 1287 668 1329 ex
684 1270 752 1329 vino
769 1271 917 1348 percussis
935 1267 1109 1346 chelidonia,

119 1351 264 1410 morsibus
287 1352 435 1429 inponitur
450 1350 606 1412 Vettonica
622 1354 791 1432 praecipue,
812 1354 857 1412 cui
878 1355 923 1412 vis
946 1360 1024 1412 tanta
1042 1370 1110 1431 per·

119 1434 235 1494 hibetur
251 1442 280 1493 ut
301 1433 428 1494 inclusae
451 1434 560 1495 circulo
577 1437 640 1496 eius
656 1444 811 1515 serpentes
827 1437 909 1514 ipsae
925 1453 993 1496 sese
1008 1437 1108 1495 iuteri-

118 1527 193 1579 mant
210 1517 392 1594 flagellando.
425 1518 507 1578 datur
521 1518 556 1579 ad
572 1521 645 1579 ictus
661 1537 760 1579 semen
776 1521 839 1579 eius
859 1519 959 1579 denari
974 1519 1105 1597 pondere
1118 1542 1141 1581 rs

120 1620 183 1663 cum
203 1601 295 1660 trihus
314 1599 426 1676 cyathis
447 1603 506 1660 viui
529 1601 576 1661 vel
595 1603 687 1662 farina
705 1601 844 1662 drachmis
865 1602 957 1662 tribus
976 1602 1106 1661 sextario

120 1702 272 1762 aquae,-
282 1684 372 1743 sarira
388 1685 539 1761 reponitur
548 1719 598 1761 —,
612 1682 792 1762 Cantabrica,
809 1685 989 1760 dictamnum,
1004 1687 1107 1746 aristo·

120 1767 214 1827 lochia
235 1766 338 1826 radicis
362 1765 493 1825 drachma
508 1767 537 1826 iu
554 1769 612 1826 vini
632 1767 756 1844 hemina,
773 1769 825 1828 sed
840 1770 956 1846 saepius
972 1767 1106 1828 bibenda.

119 1850 240 1928 prodest
262 1858 292 1909 et
317 1850 399 1911 inlita
422 1868 461 1909 ex
480 1859 577 1926 aceto,
600 1849 732 1911 similiter
753 1851 947 1930 plistolochia.
982 1853 1051 1928 quin
1077 1858 1108 1910 et

62 1961 63 1965 ¹
121 1936 235 1994 omnino
257 1951 398 2011 suspensa
421 1951 508 2011 supra
531 1934 626 1994 locum
644 1935 724 2011 lugat
745 1955 762 1995 e
787 1934 917 1996 domibus
951 1935 1105 2010 serpentis.
1116 1948 1142 1986 tu

79 2029 128 2082 102
140 2017 168 2078 9.
185 2018 267 2098 (56.)
291 2018 458 2095 argemonia
479 2035 594 2095 quoque
616 2017 712 2078 radice
733 2019 796 2078 eius
816 2017 915 2077 denari
932 2016 1107 2094 pondere-in

120 2103 177 2161 vini
193 2101 304 2178 cyathis
320 2101 411 2160 tribus
429 2108 507 2178 pota.
521 2134 565 2147 -
582 2101 664 2179 plura
680 2100 715 2161 de
733 2119 768 2162 ea
790 2102 927 2160 convenit
948 2099 1003 2159 dici
1027 2108 1106 2160 cete-

119 2188 231 2263 risque,
254 2187 388 2262 quoniam
403 2187 524 2262 primum
539 2183 769 2261 nominabuntur,
787 2185 817 2243 in
834 2201 871 2244 eo
885 2192 980 2243 autem
995 2201 1107 2260 genere

120 2266 251 2327 medendi
278 2269 398 2343 primum
423 2268 562 2326 nominari
583 2284 722 2346 quamque
744 2269 773 2326 in
796 2284 853 2345 quo
877 2284 1007 2329 maxume
1030 2265 1107 2327 vale·

119 2351 170 2411 bit.
191 2385 227 2394 -
245 2350 315 2410 lolia
332 2349 421 2410 hahet
440 2349 535 2428 qualia
555 2364 707 2426 anemone,
728 2351 820 2410 divisa
841 2353 886 2428 api
903 2349 1000 2426 modo,
1022 2357 1142 2427 caputtt

120 2435 149 2493 in
171 2433 311 2493 cauliculo
332 2435 484 2513 papaveris
500 2433 656 2510 silvestris,
671 2435 740 2493 item
756 2433 888 2493 radicem.
916 2451 1014 2493 sucum
1028 2434 1107 2492 croci

121 2518 222 2578 colore
242 2535 339 2577 acrem
356 2525 386 2577 et
406 2525 526 2577 acutum.
567 2519 693 2577 nascitur
714 2519 742 2576 in
764 2519 849 2576 arvis.
882 2515 955 2596 apud
970 2533 1024 2577 nos
1052 2518 1108 2576 tria

121 2620 230 2679 genera
258 2602 320 2660 eius
346 2601 453 2661 faciunt
478 2609 508 2660 et
531 2600 558 2661 id
580 2601 691 2662 demum
711 2599 836 2679 probant
855 2601 935 2660 cuius
959 2599 1041 2660 radix
1061 2607 1106 2658 tus

120 2685 260 2746 redoleat.

81 2778 130 2833 103
203 2768 284 2845 (57.)
305 2765 460 2844 Agaricum
480 2775 510 2849 ut
532 2769 636 2844 lungus
655 2768 781 2826 nascitur
803 2768 832 2825 in
856 2765 1008 2826 arboribus
1030 2767 1142 2825 circam

120 2850 283 2928 Bosporum
294 2848 396 2909 colore
411 2849 539 2911 candido.
559 2850 660 2909 dantur
675 2847 756 2909 oboli
768 2857 903 2927 quattuor
914 2849 1030 2907 contriti
1045 2866 1108 2907 cum

121 2933 196 2994 binis
211 2932 321 3009 cyathis
334 2934 408 2992 aceti
421 2931 511 2991 mulsi.
533 2932 562 2992 id
574 2932 651 3011 quod
667 2934 695 2991 in
708 2929 817 2992 Galatia
828 2934 955 2992 nascitur
969 2931 1107 2991 iulirmius

120 3015 254 3092 habetur,
269 3023 423 3093 praeterea
438 3033 498 3075 mas
514 3017 638 3094 spissior
649 3015 842 3093 amariorque,
853 3049 894 3060 -
905 3014 952 3075 hic
963 3022 994 3073 et
1004 3015 1107 3092 capitis

121 3099 241 3161 dolores
264 3099 344 3173 lacit,
357 3132 401 3145 -
416 3099 522 3158 femina
542 3098 677 3176 solutior,
698 3099 781 3158 initio
802 3107 905 3175 gustus
927 3095 1018 3182 dulcis
1039 3113 1108 3156 mox

120 3185 150 3244 in
164 3182 378 3243 amaritudinem
393 3183 503 3242 transit.
1116 3191 1142 3231 aa

81 3279 131 3331 104
206 3265 286 3346 (58.)
309 3263 416 3326 Echios
437 3267 586 3343 utriusque
607 3263 783 3343 generis**,
805 3263 904 3343 puleio
926 3262 1037 3339 similis,
1064 3263 1107 3323 lo-

122 3351 168 3410 liis
195 3354 336 3431 carinata,
367 3348 506 3411 drachmis
533 3349 641 3410 duabus
672 3369 711 3411 ex
735 3350 794 3408 vini
822 3347 932 3424 cyathis
962 3354 1106 3425 quattuor.

122 3435 196 3494 item‘
207 3435 309 3512 altera,
326 3452 399 3513 quae
414 3434 549 3511 lanugine
564 3433 748 3510 distinguitur
764 3431 894 3509 spinosa,
911 3432 956 3491 cui
978 3437 1008 3489 et
1031 3430 1109 3508 capi-
