2400 3840
148 206 188 266 22
485 216 790 266 armursucuuor

149 373 373 452 praegnatibus,
397 375 460 451 ipsa
484 390 556 432 vero
579 380 680 432 contra
701 371 892 431 infirmitatem
913 370 1070 447 stomachi,
1096 372 1150 433 sed

149 459 277 516 nonnisi
296 475 335 517 ex
351 464 435 517 aceto
450 455 534 515 iacile
551 455 726 516 manduntur.

107 552 159 606 106
220 541 301 620 (57.)
338 539 437 600 Punici
463 539 529 598 mall
556 557 660 600 novem
687 558 798 616 genera
822 558 896 600 nunc
917 541 1020 601 iterari
1048 557 1150 620 supar-

108 643 176 686 rana
192 642 319 685 vacuum.
350 623 396 683 Ex
416 622 460 682 his
480 622 589 699 dulcia,
612 641 685 700 quae
700 641 828 701 apyrena
842 623 900 684 alio
919 625 1033 684 uomina
1050 624 1150 703 appel-

149 708 280 785 lavimus,
297 706 444 767 stomacho
463 706 573 766 inutilla
588 706 741 782 habentur,
761 707 924 767 inflationes
940 710 1064 787 pariunt,
1080 708 1174 769 den-s

152 793 187 850 tis
202 793 394 869 gingivasque
423 789 554 867 laedunt,
575 808 648 868 quae
667 807 738 849 vero
755 790 789 850 ab
814 790 858 850 his
880 809 986 870 sapore
1008 808 1150 870 proxuma

108 892 136 931 ra.
147 892 180 928 nr
191 877 294 934 vinosa
318 874 455 950 diximus,
476 891 594 952 parvom
617 874 748 935 nucleum
764 873 910 951 habentia,
927 875 1044 935 utiliora
1061 874 1149 954 paulo

149 957 366 1035 intelleguntur.
404 957 499 1018 alvom
516 961 620 1017 sistunt
636 966 666 1017 et
682 957 869 1033 stomachum,
899 957 1044 1019 dumtaxat
1059 976 1151 1036 pauca

150 1043 279 1118 citraque
310 1044 482 1101 satietatem.
528 1050 558 1101 at
588 1041 661 1101 haec
691 1043 813 1102 minume
843 1041 950 1118 danda,
983 1058 1151 1120 quamquam

151 1127 265 1184 omnino
287 1125 381 1200 nulla,
404 1127 435 1184 ia
456 1125 549 1201 iebri,
578 1143 634 1184 nac
654 1144 739 1184 carne
760 1128 907 1186 acinorum
921 1126 984 1186 utili
997 1142 1185 1185 uec·suco.10

108 1218 157 1272 107
170 1217 309 1268 caventur
321 1227 414 1287 aeque
430 1208 635 1269 vomitionibus
655 1227 689 1268 ac
704 1209 793 1269 bilem
807 1210 1005 1270 reicientibus.
1023 1227 1105 1268 uvam
1121 1211 1151 1268 ia

152 1292 197 1351 his
211 1326 254 1337 -
268 1310 302 1353 ac
319 1311 355 1352 ne
378 1300 500 1353 mustum
516 1294 648 1370 quidem,
665 1291 717 1352 sed
730 1295 862 1371 protinus
874 1295 1024 1352 vinum-
1036 1294 1151 1370 aperuit

150 1384 267 1452 natura,
295 1385 446 1456 utrumque
469 1378 622 1455 asperiore
647 1377 766 1438 cortice.
800 1377 847 1436 hic
866 1377 981 1437 acerbis
1000 1378 1029 1436 in
1045 1393 1150 1453 magno

149 1478 210 1519 usu.
247 1459 352 1537 volgus
376 1463 456 1520 coria
476 1478 605 1520 maxume
628 1460 742 1537 perlicit
765 1460 826 1521 illo.
864 1460 901 1520 oh
923 1459 952 1520 id
973 1460 1151 1543 malicorium

149 1543 296 1621 appellant
321 1544 433 1604 medici.
469 1546 579 1603 urinam
594 1545 665 1604 cieri
682 1545 785 1604 eodem
802 1552 980 1621 monstrant,
1002 1545 1149 1622 mixtaque
1161 1566 1185 1606 15

148 1627 225 1702 galla
245 1629 276 1686 in
297 1635 381 1687 aceto
403 1627 554 1686 decoctum
572 1626 687 1686 mobilis
709 1628 803 1687 dentis
828 1627 968 1687 stabilire.
1001 1629 1150 1706 expetitur

150 1710 330 1786 gravidarum
343 1709 498 1785 malaciae,
522 1713 655 1787 quoniam
669 1719 785 1788 gustatu
802 1721 918 1771 moveat
932 1713 1078 1771 infantem.
1110 1710 1150 1770 di·

148 1793 255 1852 viditur
274 1792 377 1852 malum
394 1793 574 1872 caelestique
593 1812 665 1871 aqua
681 1793 819 1854 madescit
839 1797 929 1854 ternis
951 1795 1016 1856 lere
1036 1794 1148 1854 diebus.

148 1876 220 1936 haec
235 1876 344 1936 bibitur
359 1877 463 1954 frigida
482 1877 619 1938 coeliacis
636 1886 666 1937 et
684 1880 851 1955 sanguinem
866 1879 1096 1939 exscreantibus.

108 1970 158 2023 108
221 1961 302 2039 (58.)
331 1959 377 2021 Ex
396 1961 502 2021 acerbo
524 1962 556 2020 fit
576 1961 812 2022 medicamentum
833 1962 910 2041 quod
932 1963 1084 2022 stomatice
1098 1978 1185 2025 vom

149 2053 244 2120 catur,
266 2044 447 2105 utilissImum
463 2047 523 2105 oris
538 2047 635 2123 vitiis,
655 2047 780 2122 narium,
797 2047 924 2123 aurium,
941 2045 1091 2105 oculorum
1106 2063 1151 2104 ca·

149 2128 246 2204 ligini,
275 2130 433 2206 pterygiis,
462 2128 637 2205 genitalibus
663 2138 693 2188 et
716 2129 760 2189 his
783 2146 852 2206 quas
874 2147 973 2188 nomas
993 2134 1099 2189 vocant
1121 2135 1151 2188 et

149 2228 223 2287 quae
246 2213 275 2270 in
291 2210 439 2271 ulceribus
457 2221 639 2273 excrescunt.
676 2222 777 2272 contra
795 2211 927 2289 leporem
942 2213 1080 2271 marinum
1094 2211 1151 2271 hoc

149 2294 252 2356 modo:
269 2296 358 2353 acinis
376 2295 507 2355 detracto
524 2298 635 2356 cortice
652 2297 743 2355 tunsis
760 2313 889 2373 sucoque
905 2295 1029 2356 decocto
1045 2294 1081 2355 ad
1092 2304 1150 2355 ter·

150 2379 224 2454 tias,
242 2377 309 2438 dein
324 2396 386 2437 cum
401 2381 480 2439 croci
496 2387 527 2439 et
543 2380 673 2440 aluminis
685 2381 788 2456 scissi,
804 2397 934 2456 murrae,
951 2378 1046 2439 mellis
1059 2378 1150 2438 Attici
1159 2394 1184 2434 aa

107 2473 157 2526 109
169 2462 296 2523 selibris.
334 2461 382 2521 alii
407 2470 437 2522 et
453 2463 510 2523 hoc
525 2462 610 2523 modo
626 2465 748 2523 iaciunt:
771 2466 874 2542 punica
889 2463 968 2522 acida
986 2462 1074 2522 multa
1089 2472 1151 2522 tuu-

148 2545 268 2623 duntur,
285 2564 369 2606 sucus
385 2549 414 2606 in
430 2547 537 2606 cacabo
554 2565 630 2608 novo
648 2549 780 2625 coquitur
797 2546 891 2606 mellis
908 2546 1099 2607 crassitudine
1116 2544 1152 2605 ad

149 2631 294 2690 virilitatis
316 2639 346 2690 et
368 2630 447 2691 sedis
468 2633 539 2690 vitia
560 2640 590 2691 at
608 2634 701 2692 omnia
716 2649 789 2710 quae
807 2631 884 2706 lycio
900 2637 1050 2705 curantm,
1073 2630 1150 2690 auris

150 2713 335 2790 purulentas,
353 2715 509 2793 epiphoras
533 2717 715 2792 incipientis,
741 2715 843 2774 rubras
864 2713 989 2773 maculas
1010 2714 1040 2772 in
1062 2712 1150 2772 mani·

150 2795 212 2854 bus.
244 2799 314 2855 rami
328 2799 497 2874 punicorum
509 2801 655 2876 serpentis
668 2799 776 2875 fugant.
800 2799 910 2857 cortice
923 2798 1019 2875 punici
1033 2815 1071 2856 ex
1081 2798 1151 2854 vino
1161 2807 1186 2846 ³0

151 2881 226 2937 cocti
249 2887 279 2936 ct
299 2880 418 2955 inpositi
440 2880 599 2959 perniones
622 2890 766 2941 sanantur.
798 2890 968 2941 contuusum
990 2879 1094 2940 malum
1114 2897 1152 2938 ex

149 2961 241 3021 trihus
262 2960 383 3023 heminis
402 2965 460 3023 vini
476 2962 627 3024 decoctum
642 2965 678 3026 ad
696 2965 837 3025 heminam
853 2965 974 3024 tormina
990 2972 1020 3024 et
1039 2963 1151 3024 taenias

150 3045 242 3122 pellit.
272 3047 403 3123 punicum
420 3047 449 3105 in
466 3045 524 3106 olla
549 3065 640 3126 nova,
660 3048 818 3128 coperculo
834 3047 935 3124 inlito,
956 3048 986 3107 in
1000 3048 1085 3107 lurno
1101 3064 1152 3108 ex·

150 3137 243 3188 ustum
267 3137 297 3188 et
317 3131 471 3190 contritum
493 3139 649 3210 potumque
667 3135 696 3191 in
711 3134 780 3192 vino
801 3134 882 3199 sistit
895 3131 1007 3207 alvom,
1035 3130 1152 3190 discutit

150 3214 280 3273 tormina.
1162 3229 1186 3270 ss

109 3308 158 3358 110
221 3295 302 3375 (59.)
334 3295 445 3358 Primus
467 3301 543 3378 pomi
559 3298 642 3359 huius
658 3309 756 3378 partus
772 3300 881 3360 llorere
897 3299 1064 3378 incipientis
1080 3299 1161 3384 cpti-¹

150 3399 201 3439 nus
218 3389 368 3441 vocatura
384 3379 519 3459 Graecis,
534 3385 623 3443 mirae
640 3383 855 3444 observationis
869 3382 1022 3442 multorum
1035 3383 1152 3460 experi-

149 3472 255 3523 mento.
285 3465 311 3525 si
331 3466 395 3543 quis
420 3485 504 3526 uuum
522 3485 560 3526 ex
577 3467 622 3526 his
642 3466 753 3527 solutus
769 3465 885 3527 vinculo
902 3468 977 3526 omni
994 3467 1106 3525 cinctus
1123 3470 1152 3524 et
