2400 3840
320 209 400 255 unu.
418 208 509 257 nisu.
526 210 637 258 xxnm
653 204 712 257 aa.
732 198 885 275 (ea—35.)
1043 202 1083 262 43

156 362 238 441 (33.)
269 360 344 420 Ulmi
362 369 391 420 et
406 361 477 421 lolia
493 371 522 423 ct
536 372 642 423 cortex
657 371 687 424 et
709 365 778 422 rami
798 366 855 422 vim
876 364 984 425 habent
1006 367 1079 441 epis·
1091 376 1127 431 aa

97 446 176 506 sandi
202 454 231 505 et
252 444 373 505 volnera
396 445 592 507 contrahendi
624 448 742 507 corticis
761 449 860 524 utiquc
879 448 1003 508 interior
1023 447 1084 507 tilia

96 530 194 609 leprae
208 529 290 589 sedat
304 537 334 589 et
348 527 419 588 lolia
432 546 470 588 ex
485 538 570 590 aceto
585 530 677 590 inlita.
715 532 832 591 corticis
850 530 950 591 denari
972 530 1084 609 pondus

95 623 195 691 potum
211 614 240 672 in
269 612 382 672 hemina
398 628 489 689 aquae
513 614 636 690 frigidae
660 612 755 673 alvom
782 622 887 692 purgat
907 616 1084 693 pituitasque

70 705 124 757 set
140 712 228 774 aquas
244 697 376 773 privatim
391 695 487 755 trahi-t.
518 698 665 774 inponitur
683 706 715 756 et
730 696 952 757 collectionibus
969 697 1084 756 lacrima

95 789 124 840 et
139 779 308 839 volneribus
324 788 353 839 et
368 779 506 842 ambustis
517 797 590 856 quae
601 781 724 841 decocto
735 781 838 841 lovere
850 782 978 859 prodest.
1000 797 1082 841 umor
1093 793 1127 846 49

93 865 123 922 in
141 862 280 922 folliculis
305 862 418 923 arboris
440 862 523 922 huius
544 881 666 924 nascens
689 864 746 923 cuti
770 867 895 924 nitorem
916 864 1024 923 inducit
1043 864 1084 924 la·

94 948 224 1023 ciemqne
235 948 394 1023 gratiorem
403 954 539 1024 praestat.
558 945 688 1007 cauliculi
703 946 840 1007 loliorum
855 949 937 1025 primi
953 948 1019 1009 vino
1035 946 1083 1006 de-

94 1031 169 1090 cocti
185 1037 313 1088 tumores
330 1037 431 1088 sanant
447 1028 657 1108 extrahuntque
678 1048 732 1108 per
753 1029 871 1091 listulas.
903 1030 980 1091 idem
1001 1047 1085 1107 prae·

59 1121 169 1177 tostant
184 1120 214 1172 et
234 1112 313 1172 tiliae
333 1114 452 1172 cortice.
483 1113 562 1172 multi
585 1114 724 1175 corticem
746 1114 996 1174 conmanducatam
1023 1113 1086 1174 vol·

93 1196 209 1255 neribus
225 1196 405 1254 utilissimum
419 1204 536 1273 putant,
557 1195 627 1257 lolia
641 1199 707 1256 trita
723 1214 795 1274 aqna
809 1196 965 1275 adaspersa
981 1195 1085 1274 pedum

92 1281 205 1339 tumori.
221 1296 303 1338 umor
314 1296 429 1356 quoque
442 1298 458 1338 e
469 1279 603 1355 medulla,
611 1282 651 1339 uti
663 1280 944 1356 diximus,castratae
957 1280 1042 1340 arbo·
1061 1296 1127 1334 reme

89 1363 133 1421 ris
142 1361 265 1422 elhnens
277 1361 410 1438 capillum
421 1361 516 1423 reddit
527 1363 718 1441 capitiinlitus
725 1362 937 1439 delluentisque
944 1365 1082 1427 continet.

155 1445 237 1524 (34.)
266 1444 366 1505 Arbor
383 1445 444 1503 tilia
461 1445 555 1505 lenius
581 1445 616 1505 ad
639 1445 739 1506 eadem
754 1447 818 1506 iere
834 1445 913 1506 uti-lis
934 1453 981 1506 est
994 1453 1080 1522 atque
1092 1456 1127 1508 50

57 1551 83 1592 rs
93 1523 230 1589 oleaster.
265 1527 336 1589 lolia
350 1536 444 1588 autem
461 1537 566 1588 tantum
576 1533 606 1588 in
620 1549 673 1590 usu
685 1537 716 1589 et
729 1529 764 1590 ad
779 1530 926 1589 infantium
942 1529 1042 1588 ulcera
1054 1536 1084 1588 et

91 1613 121 1672 in
135 1629 200 1688 ore,
215 1621 246 1671 et
260 1611 483 1673 conmanducata
496 1620 527 1672 et
538 1611 670 1689 decocta,
686 1615 794 1672 urinam
809 1615 898 1689 cient,
913 1630 1030 1674 meuses
1046 1613 1083 1671 si·

92 1703 172 1755 stunt
185 1694 283 1764 inlita,
300 1695 467 1771 sanguinem
484 1703 553 1773 pota
571 1687 731 1756 detrahunt.

152 1777 234 1857 (35.)
262 1778 390 1838 Sabucus
403 1778 491 1838 habet
502 1778 624 1839 alterum
633 1798 726 1858 genus
741 1783 832 1858 magis
848 1780 986 1841 silvestre
1002 1778 1079 1857 quod
1091 1789 1124 1841 51

93 1861 195 1923 Graeci
213 1862 432 1938 chamaeacten‚
447 1861 494 1921 alii
511 1861 610 1924 helion
625 1873 746 1941 vocant,
757 1862 846 1925 multo
864 1864 992 1923 brevius.
1016 1863 1085 1922 utri·

55 1963 182 2022 acusque
197 1945 348 2005 decoctum
363 1945 392 2003 in
408 1945 477 2004 vino
493 1948 603 2021 veteri,
625 1945 761 2006 loliorum
776 1946 825 2007 vel
843 1948 960 2006 seminis
976 1945 1025 2006 vel
1035 1963 1084 2006 ra·

90 2028 180 2104 dicis,
196 2028 231 2088 ad
247 2027 366 2104 cyathos
383 2027 468 2088 binos
482 2037 585 2106 potum
597 2028 746 2089 stomacho
762 2029 863 2089 inutile
876 2038 937 2106 est,
953 2029 1020 2088 alvo
1035 2028 1083 2088 de-

90 2111 206 2171 trahens
228 2128 336 2188 aquom.
367 2112 526 2189 refrigerat
548 2115 635 2173 etiam
656 2112 926 2189 inflammationem,
952 2129 1083 2172 maxume

89 2196 217 2255 recentis
240 2194 362 2254 ambusti
383 2202 414 2254 ct
435 2197 514 2254 canis
538 2213 663 2258 morsum
684 2214 748 2257 cum
767 2196 885 2275 polenta
907 2194 1084 2255 mollissimis

88 2277 224 2338 loliorum
238 2277 337 2338 inlitis.
363 2297 448 2338 sucus
461 2280 576 2339 cerebri
588 2279 779 2341 collectiones
792 2280 982 2358 privatimque
998 2296 1084 2338 mem·
1163 2278 1166 2283 ’

53 2370 80 2412 2⁵
90 2360 196 2421 branae
212 2378 286 2440 quae
302 2363 378 2422 circa
393 2362 545 2423 cerebrum
560 2371 608 2423 est
624 2363 695 2425 lenit
711 2364 830 2424 inlusus.
861 2365 934 2428 acini
954 2364 1017 2422 eius
1040 2363 1082 2421 in·
1093 2371 1127 2425 tt

89 2444 232 2506 firmiores
244 2462 327 2522 quam
341 2444 452 2522 reliqua
468 2447 581 2522 tingunt
602 2447 753 2524 capillum,
773 2449 835 2524 poti
850 2445 993 2507 acetabuli
1007 2463 1084 2506 men·

89 2545 155 2588 sura
180 2529 290 2587 urinam
308 2537 433 2588 movent.
471 2527 607 2589 loliorum
631 2529 799 2589 mollissima
818 2548 859 2591 ex
879 2529 947 2590 oleo
970 2536 1000 2589 et
1023 2528 1084 2587 sale

90 2609 211 2671 eduntur
227 2610 262 2670 ad
276 2613 407 2690 pituitam
421 2611 567 2690 bilemque
588 2611 799 2672 detrahendam.
829 2611 865 2672 ad
883 2613 976 2672 omnia
989 2611 1086 2671 effica-

89 2695 151 2753 cior
173 2711 247 2771 quae
268 2697 369 2754 minor.
402 2694 506 2755 radicis
530 2696 596 2754 eius.
609 2694 749 2756 decoctae
772 2697 801 2753 in
822 2697 890 2755 vino
911 2693 968 2754 duo
989 2693 1083 2770 cyathi

50 2778 151 2855 oport
174 2776 350 2856 hydropicos
372 2779 555 2856 exinaniunt,
576 2779 678 2840 volvas
693 2778 861 2857 emolliunt,
877 2779 927 2840 has
953 2787 984 2840 et
999 2778 1085 2838 lolio·

88 2878 150 2919 rum
179 2859 301 2922 decocta
323 2862 516 2922 insidentium.
549 2863 655 2924 ‘caules
682 2864 777 2924 teneri
799 2864 922 2924 mitioris
940 2862 1038 2923 sabuci
1057 2864 1085 2922 in

88 2945 195 3020 patinis
217 2946 293 3005 cocti
317 2944 411 3006 alvom
431 2946 566 3024 solvont,
593 2948 735 3007 resistunt
757 2947 828 3008 lolia
851 2957 882 3008 et
906 2948 1085 3025 serpentium

88 3027 194 3088 ictibus
210 3029 239 3087 in
255 3030 322 3089 vino
338 3038 415 3108 pota.
447 3030 586 3108 podagris
600 3049 664 3091 cnm
678 3030 752 3091 sebo
767 3031 880 3092 hircino
890 3029 1081 3091 vehementer
1092 3039 1128 3091 53

90 3118 213 3186 prosunt
229 3111 360 3172 cauliculi
375 3113 468 3191 inliti,
484 3114 571 3174 iidem
591 3115 621 3174 in
634 3132 707 3192 aqua
729 3123 910 3177 macerantur
932 3121 962 3172 ut
984 3130 1083 3192 sparsa

53 3205 126 3254 acea
150 3193 262 3272 pulices
289 3205 437 3256 necentur.
467 3197 605 3261 loliorum
626 3197 750 3258 decocto
773 3201 798 3259 si
822 3198 904 3259 locus
920 3203 1084 3274 spargatur,

90 3293 205 3338 muscae
219 3288 365 3340 necantur.
396 3280 453 3340 boa
464 3281 625 3359 appellatur
637 3281 755 3341 morbus
768 3282 944 3360 papularum,
960 3296 1022 3338 cum
1038 3295 1084 3337 ru·

91 3358 160 3420 bent
175 3379 318 3440 corpore,
339 3363 438 3425 sabuci
459 3382 538 3424 ramo
560 3364 738 3425 verberatur.
766 3373 871 3426 cortex
892 3363 1015 3423 interior
1035 3363 1086 3421 tri·

95 3450 139 3504 tus
158 3463 197 3506 ex
208 3448 276 3506 rino
292 3447 360 3507 albo
376 3456 462 3526 potus
478 3447 573 3508 alvom
590 3447 688 3507 solrit.
