2400 3840
126 154 188 220 234
495 166 525 215 o.
543 168 639 216 annu
657 167 806 216 sucurvnr

126 325 197 385 isset
214 323 250 385 ad
265 321 422 385 Thessalas
436 329 559 397 matres,
579 339 696 399 quarum
713 339 876 400 cognomen
892 321 940 381 diu
958 321 1082 399 optinuit
1097 323 1127 382 in

96 417 224 473 inostro
246 407 336 483 orbe,
358 405 451 465 aliena
473 414 570 481 gente.
602 405 732 467 Troianis
751 409 849 485 ntique
865 403 1043 483 temporibus
1057 403 1126 465 Ohi·

125 495 204 553 ronis
219 491 368 551 medicinis
384 496 517 549 contenta
536 505 571 547 ea
596 498 625 548 et
645 491 712 549 solo
730 490 822 550 llarte
842 489 1009 548 inimicante
1034 489 1127 549 miror

126 577 259 654 equidem
281 573 403 634 Achillis
430 573 547 650 populis
572 573 674 632 lamam
699 576 761 632 elus
782 575 931 632 intantum
952 571 1126 632 adhaesisse

125 667 156 718 ut
170 658 328 719 Menander
342 673 457 734 qnoque
469 655 627 714 litterarum
639 655 786 717 subtilitati
805 657 866 715 siue
882 655 994 715 aemulo
1006 655 1151 731 genitnsu

127 742 297 803 Thessalam
315 739 533 816 cognominaret
553 739 678 799 fabulam
698 740 871 818 conplexam
887 738 1025 814 ambages
1040 739 1125 799 lemi-

125 845 223 886 narom
236 824 442 885 detrahentium
454 821 557 881 lunam.
583 821 697 901 Orphea
710 832 840 903 putarem
852 840 869 881 e
881 822 1046 900 propInquo
1060 840 1125 882 eam

125 911 246 987 primum
263 906 419 986 pertulisse
436 905 471 964 ad
486 906 579 965 vicina
595 925 686 985 usqne
701 906 963 985 superstitionema
981 906 1125 966 medicina

126 1001 311 1070 provectum,
335 990 359 1048 si
383 1006 440 1048 non
462 1006 570 1066 expers
594 991 679 1051 sedes
701 993 762 1050 eins
784 998 843 1051 tota
863 988 977 1049 Thrace
993 990 1124 1066 magices

93 1076 236 1140 eluisset.
274 1077 390 1152 primus,
407 1073 485 1152 quod
503 1082 612 1149 exstet,
629 1084 658 1134 ut
674 1073 806 1154 equidem
821 1072 952 1146 invenio,
977 1090 1122 1132 commen·
1134 1090 1155 1131 ro

126 1168 200 1219 tatus
215 1166 259 1218 est
278 1157 314 1218 de
328 1175 361 1217 ea
376 1156 519 1217 Osthanes
532 1157 652 1218 Xerxen
666 1176 767 1235 regem
779 1157 930 1217 Persarum
946 1154 1028 1216 bello
1047 1155 1124 1234 quod

126 1243 150 1302 is
172 1242 313 1303 Graeciae
337 1241 430 1302 intulit
460 1242 626 1319 comitatus,
659 1259 694 1301 ac
715 1242 795 1301 velut
822 1241 931 1300 semina
957 1241 1027 1300 artis
1054 1257 1123 1320 pcr-

126 1336 259 1388 tentosae
289 1328 395 1405 sparsit
431 1325 525 1386 obiter
553 1326 661 1386 iniecto
690 1341 868 1404 quacumque
898 1332 1122 1384 conmecverant

125 1411 238 1472 mundo.
262 1410 460 1487 diligentiores
474 1409 560 1488 paulo
569 1419 634 1470 ante
645 1409 721 1468 hunc
732 1417 840 1487 ponunt
849 1407 1024 1468 Zoroastren
1037 1407 1122 1468 aliurn

125 1496 362 1556 Proconnesinm.
396 1493 473 1572 quod
495 1502 603 1554 certum
622 1502 682 1569 est,
702 1493 750 1553 hic
773 1509 904 1552 maxume
919 1489 1064 1551 Osthanes
1085 1491 1153 1552 adan

90 1605 93 1617 '-
125 1579 243 1655 rabiem,
258 1595 315 1637 non
328 1578 491 1637 aviditatem
506 1577 591 1638 modo
604 1579 742 1637 scientiae
756 1576 828 1651 eius,
841 1574 1018 1635 Graecorum
1028 1592 1119 1653 popo·

126 1663 172 1722 los
187 1663 255 1738 egit,
271 1678 440 1738 quamquam
460 1662 657 1721 animadverto
676 1678 810 1721 summam
829 1659 996 1727 litterarum.
1008 1658 1120 1719 clarita·

125 1755 182 1804 tem
196 1745 376 1821 gloriamque
391 1761 428 1803 ex
443 1761 477 1803 ca
490 1746 610 1805 scientia
620 1746 773 1823 antiquitus
788 1752 815 1804 et
831 1759 925 1821 paene
938 1760 1055 1820 semper
1071 1759 1120 1821 pe·

96 1831 210 1895 9titam.
245 1835 325 1885 certe
339 1826 529 1903 Pythagoras,
545 1827 756 1906 Empedocles,
771 1827 970 1902 Democritus,
987 1825 1070 1886 Plato
1086 1823 1121 1885 ad

125 1913 199 1972 hanc
214 1909 378 1971 discendam
393 1911 569 1988 navigavere
581 1912 690 1971 exsiliis
700 1913 797 1971 verius
813 1929 897 1989 quam
908 1910 1152 1988 peregrinatio-at

125 1996 208 2056 nibus
224 1997 378 2073 susceptis.
410 1995 483 2054 hanc
500 1999 611 2055 reversi
628 1995 851 2074 praedicavere,
872 1993 946 2054 hanc
960 1993 988 2053 in
1007 1993 1121 2054 arcanis

125 2079 263 2140 habuere.
298 2078 482 2139 Democritus
504 2079 730 2159 Apollobechen
750 2077 887 2157 Coptiten
907 2086 936 2136 et
956 2076 1121 2137 Dardanum

126 2172 155 2223 et
171 2162 346 2222 Phoenicem
362 2162 523 2222 inlustravit
542 2163 732 2222 voluminibus
748 2162 874 2221 Dardani
892 2162 920 2220 in
934 2159 1120 2237 sepulchrum

126 2247 187 2305 eius
199 2247 306 2321 petitis,
320 2247 378 2303 suis
390 2262 462 2303 vero
476 2263 512 2303 ex
524 2245 675 2324 disciplina
688 2263 787 2305 eornm
800 2244 894 2319 editis,
910 2262 984 2323 quae
999 2252 1121 2322 recepta

126 2327 161 2388 ab
177 2327 395 2387 ullishominnm
410 2336 495 2405 atque
511 2331 658 2390 transiisse
673 2348 727 2408 per
738 2331 902 2389 memoriam
918 2344 1012 2406 aeque
1027 2345 1063 2387 ac
1080 2326 1152 2395 ni-rn

84 2425 118 2477 lo
128 2411 168 2471 hil
190 2413 218 2470 in
241 2413 298 2471 vita
322 2413 478 2472 mirandum
497 2421 552 2472 est.
584 2415 612 2473 in
628 2422 734 2473 tantum
748 2412 820 2474 tides
836 2415 898 2472 istis
912 2411 1016 2490 iusque
1034 2425 1120 2471 omne

126 2496 226 2571 deest,
253 2495 326 2555 adeo
348 2505 377 2556 ut
398 2497 444 2574 qni
461 2505 559 2557 cetera
580 2498 609 2556 in
630 2499 692 2557 viro
708 2496 831 2576 probant
846 2496 920 2556 haec
941 2511 1032 2574 opera
1057 2495 1120 2554 eius

88 2602 91 2607 ·
126 2598 193 2639 esse
213 2580 382 2639 inficientur.
412 2579 464 2638 sed
490 2580 606 2641 frustra.
636 2582 711 2641 hunc
736 2581 809 2640 enim
829 2597 960 2640 maxume
982 2577 1121 2639 adlixisse

125 2665 225 2723 animis
239 2681 301 2722 eam
316 2664 496 2723 dnlcedinem
518 2673 639 2724 constat.
670 2665 844 2744 plenumque
861 2662 990 2723 miraculi
1007 2670 1036 2721 et
1051 2660 1119 2739 hoc,

125 2749 233 2824 pariter
242 2756 376 2825 utrasque
389 2748 458 2806 artis
471 2747 644 2824 eldornisse,
659 2748 826 2808 medicinam
839 2747 904 2808 dico
916 2747 1119 2824 magicenque‚
1128 2769 1151 2812 an

125 2829 224 2888 eadem
246 2838 340 2889 aetate
358 2830 435 2889 illam
453 2830 648 2911 Hippocrate,
670 2832 744 2892 hanc
760 2832 928 2893 Democrito
944 2829 1118 2890 inlustranti-

124 2912 194 2989 bns,
219 2913 295 2972 circa
316 2913 596 2991 Peloponnesiacum
614 2906 753 2976 Graeciae
775 2915 881 2975 bellum
904 2911 981 2993 quod
1004 2921 1119 2989 gestum

83 3009 113 3062 11
129 3005 173 3057 est
193 3015 209 3057 a
226 2994 309 3057 000.
325 2996 406 3056 urbis
426 3007 544 3057 nostrae
559 3014 642 3058 anno.
674 2997 726 3058 Est
749 3010 778 3058 et
800 3000 855 3059 alia
875 3000 1005 3076 magices
1028 2995 1118 3056 iactio

125 3100 139 3142 a
152 3081 235 3142 Mose
251 3089 280 3140 et
291 3081 381 3141 Janne
399 3091 427 3141 et
438 3081 547 3158 Lotape
560 3098 595 3140 ao
604 3080 717 3141 ludaeis
732 3084 873 3160 pendens,
890 3083 943 3143 sed
955 3078 1053 3139 multis
1068 3081 1116 3138 mi-

85 3164 88 3170 '
124 3165 199 3225 libus
224 3182 359 3225 annornm
380 3173 449 3244 post
464 3164 649 3225 Zoroastren.
680 3174 758 3226 tanto
773 3166 919 3226 recentior
935 3175 980 3226 est
996 3160 1115 3242 Cypria.
1126 3183 1150 3225 as

124 3267 181 3308 non
199 3249 294 3308 levem
316 3258 344 3309 et
359 3246 518 3308 Alexandri
532 3246 628 3324 Magni
645 3251 824 3328 temporibus
845 3252 1046 3311 auctoritatem
1068 3245 1117 3306 ad·

124 3331 193 3392 didit
211 3333 387 3411 professioni
402 3330 547 3390 secundus
563 3329 704 3392 Osthanes
721 3335 854 3393 comitatu
872 3335 933 3394 eins
949 3338 1117 3407 exornatus,

123 3415 277 3495 planeque,
297 3414 374 3495 quod
389 3431 472 3474 nemo
488 3413 608 3488 dubitet,
626 3416 725 3476 orbem
740 3426 878 3478 terrarum
894 3420 1074 3497 peragravit.
