2400 3840
340 193 420 241 555.
436 191 527 241 5555.
545 192 628 240 xxx.
646 191 673 244 5.
687 191 715 244 o.
733 180 885 257 (ra—lo.)
1044 178 1104 240 241

109 347 159 407 vel
174 347 299 406 cruentis
315 346 566 406 exscreationihus
581 346 724 423 medetur,
752 347 836 425 (15.)
859 346 1017 426 praecipue
1033 363 1104 405 vero
1115 356 1152 408 44

110 430 274 492 coclearum
292 429 373 490 cibus
392 430 553 490 stomacho.
582 430 610 488 in
617 448 698 527 Ι5555
716 447 766 488 555
783 428 1007 509 subfervefieri
999 437 1105 488 intacto

111 530 236 612 corpore
255 531 352 572 earum
372 521 503 592 oportet,
526 530 595 572 mox
614 514 643 572 in
659 531 748 590 pruna
770 515 873 571 torreri
895 512 984 571 nihilo
1000 512 1106 586 addito,

109 607 195 675 atque
210 599 248 656 ita
270 615 286 655 5
305 598 371 657 vino
387 613 518 676 garoque
539 599 627 672 sumi,
648 597 806 674 praecipue
822 595 985 655 Airicanas.
1015 613 1107 673 nuper

85 681 167 740 shoc
181 690 350 758 conpertum
371 680 508 758 plurumis
532 679 686 760 prodesse.
716 679 743 739 id
765 696 881 757 quoque
900 678 1056 740 observant
1078 689 1107 738 ut

110 781 229 823 numero
242 765 334 844 inpari
345 773 498 825 sumantur.
515 767 594 823 virus
606 773 700 824 tamen
712 782 808 823 earum
820 765 991 840 gravitatem
1002 763 1106 822 halitus

110 848 188 906 15511.
219 856 339 925 prosunt
351 847 569 909 exscreantihus
585 857 614 907 et
628 849 796 924 sanguinem
808 848 922 926 dempta
937 854 1011 906 15515
1024 848 1108 905 tritae

111 932 139 988 in
153 948 245 1008 aquae
256 940 337 1010 potu
372 932 585 993 laudatissimae
602 941 695 991 autem
708 939 773 991 sunt
785 931 941 991 Africanae
952 963 994 976 ·-
1010 947 1046 990 ex
1060 929 1105 988 his
1115 939 1149 994 45

110 1013 250 1074 lolitanae
259 1049 302 1060 -
302 1007 562 1094 ,Astypalaeicae‚
572 1014 721 1075 Aetnaeae
732 1014 848 1075 Siculae
862 1014 1005 1093 modicae,
1019 1031 1108 1114 quoq·

72 1100 164 1158 roiam
174 1061 339 1176 magnitudo
349 1100 434 1158 duras
448 1099 517 1159 15511
529 1100 628 1158 etsrne
641 1115 722 1175 5555,
733 1097 904 1174 1151155555,
915 1115 987 1177 5555
1000 1099 1106 1158 cavati·

110 1192 287 1258 casvocant,
292 1185 426 1259 quoniam
440 1182 467 1240 in
479 1182 627 1259 speluncis
638 1190 795 1240 nascuntur
810 1181 960 1258 laudatae,
975 1185 1107 1242 5155515-

110 1264 180 1324 sulis
199 1273 228 1323 et
248 1264 440 1343 Caprearum,
461 1264 547 1323 nullis
563 1274 657 1324 autem
671 1264 743 1324 cibis
757 1271 859 1340 gratae
879 1282 973 1342 neque
990 1274 1108 1324 veteres

111 1365 205 1426 neque
217 1357 352 1407 recentes
363 1347 567 1423 lluviatiles,et
578 1348 664 1408 albae
679 1346 946 1420 virushahent,nec
956 1347 1108 1407 silvestres

108 1431 260 1490 stomacho
279 1431 375 1508 utiles,
391 1431 485 1491 alvom
507 1431 631 1509 solvont,
647 1433 715 1492 item
730 1447 829 1491 omnes
844 1431 977 1490 minutae.
1010 1440 1109 1492 contra

73 1528 101 1570 rc
110 1516 237 1574 marinae
262 1515 412 1574 stomacho
432 1515 579 1592 utiliores,
604 1515 824 1576 efficacissimae
846 1523 941 1573 tamen
960 1513 1109 1574 indolere

113 1597 255 1658 stomachi
278 1617 294 1657 5
317 1598 438 1658 laudatis
461 1599 608 1659 traduntur
626 1615 825 1678 quaecumque
841 1599 924 1657 vivae
942 1592 1005 1659 cum
1020 1607 1105 1658 55515
1117 1608 1151 1664 46

111 1683 279 1742 devoratae.
308 1691 461 1761 praeterea
488 1692 650 1762 55515555
677 1690 814 1742 55555155
839 1690 994 1760 vocantur,
1022 1683 1107 1759 tatae,

110 1766 292 1826 multifariam
312 1775 482 1843 nascentes,
511 1767 546 1827 de
570 1785 688 1846 quarum
709 1784 762 1826 usn
788 1765 916 1826 dicemus
941 1768 1000 1826 suis
1023 1766 1108 1826 locis.

111 1849 342 1910 Gallinaceorum
358 1852 468 1911 ventris
488 1849 652 1912 mernbrana
668 1853 829 1911 inveterata
851 1860 881 1910 et
900 1852 1033 1928 inspersa
1055 1867 1108 1928 po·

70 1935 180 1993 actioni
192 1933 404 1994 destillationes
418 1937 562 2012 pectoris,
579 1945 608 1994 et
620 1934 713 1994 umide
732 1936 831 1993 tussim
847 1933 895 1993 vel
913 1952 1018 1993 recens
1033 1942 1109 1993 tosta

110 2019 189 2078 lenit.
218 2018 338 2077 cocleae
356 2018 462 2078 crudae
476 2020 561 2077 tritae
576 2036 639 2077 cum
654 2035 746 2094 aquae
759 2016 876 2097 tepidae
894 2017 1005 2091 cyathis
1017 2016 1108 2076 trihus

111 2103 135 2160 si
147 2099 328 2177 sorbeantur,
338 2103 435 2160 tussim
445 2101 557 2161 sedant.
574 2100 784 2160 destillationes
797 2099 880 2159 sedat
892 2109 920 2159 51
928 2101 1027 2160 canina
1036 2102 1109 2159 cutis

111 2183 229 2244 cuilibet
240 2183 330 2261 digito
344 2185 527 2258 circumdata.
542 2184 607 2245 lure
615 2184 763 2264 perdicum
776 2183 1107 2253 stomachusrecreatur.

173 2267 257 2347 (16.)
280 2268 419 2328 Iocineris
437 2268 587 2329 doloribus
604 2268 735 2328 medetur
755 2268 897 2328 mustelae
913 2268 1057 2328 silvestris
1078 2269 1150 2333 1541

72 2350 177 2411 arcibo
194 2360 306 2430 sumpta
321 2352 369 2411 vel
384 2353 512 2413 iocinera
525 2355 603 2429 eius,
619 2355 687 2413 item
703 2353 818 2412 viverra
832 2351 954 2430 porcelli
967 2351 1053 2413 modo
1067 2353 1109 2411 in·

112 2442 208 2494 assata
215 2436 415 2514 ,suspiriosis
437 2436 614 2515 multipedae
637 2437 675 2496 ita
693 2444 723 2494 ut
747 2445 792 2495 ter
807 2443 947 2514 septenae
967 2436 995 2494 iu
1010 2435 1108 2496 Attico

110 2516 198 2577 melle
217 2516 358 2577 diluantur
377 2526 407 2577 et
428 2537 482 2597 per
501 2518 687 2578 harundinem
703 2517 852 2593 bibantur,
872 2550 915 2563 ——
930 2535 1014 2578 omne
1035 2520 1110 2578 enim

111 2618 165 2659 vas
185 2617 283 2658 earum
304 2601 443 2676 nigrescit
466 2610 609 2662 contactu.
640 2600 754 2680 quidam
775 2608 886 2660 torrent
906 2603 1088 2661 sextarium
1080 2620 1109 2660 m

112 2683 208 2762 patina
224 2683 318 2742 donec
342 2683 480 2743 candidae
493 2686 575 2760 liant,
598 2693 665 2744 tunc
684 2684 772 2744 melle
787 2685 924 2761 miscent,
945 2684 993 2745 alii
1020 2685 1108 2744 centi-

73 2785 103 2827 55
114 2765 217 2846 pedam
233 2776 338 2827 vocant
356 2774 385 2826 et
402 2785 439 2826 ex
454 2784 527 2845 aqua
543 2768 604 2828 dari
621 2767 728 2844 iubent,
746 2801 789 2814 ·—
803 2767 952 2828 cocleae
943 2787 971 2827 ιιι
988 2768 1053 2829 cibo
1073 2770 1152 2834 11558

113 2867 186 2929 5555
204 2850 305 2927 linquit
327 2853 435 2912 animus
456 2860 504 2912 aut
525 2869 645 2931 quorum
668 2851 810 2912 alienatur
830 2870 911 2913 mens
937 2861 985 2912 aut
1006 2852 1108 2932 quibus

111 2935 271 3012 vertigines
283 2937 352 2996 liunt
367 2952 404 2995 ex
416 2937 495 3014 passi
511 2936 623 3010 cyathis
639 2936 730 2996 tribus
742 2936 874 3013 singulae
891 2937 1033 2998 contritae
1045 2955 1109 2998 cum

111 3038 162 3079 sua
182 3028 257 3079 testa
274 3029 303 3079 et
319 3020 481 3080 calefactae
503 3021 531 3079 in
553 3029 623 3099 potu
645 3020 730 3081 datae
752 3019 853 3081 diebus
875 3021 1033 3099 plurumum
1057 3039 1108 3081 no-

111 3122 186 3179 vem,
204 3103 292 3180 aliqui
308 3103 435 3179 singulas
451 3105 544 3182 primo
560 3103 607 3164 die
625 3104 742 3180 dedere,
759 3106 891 3182 sequenti
907 3103 1005 3181 binas,
1022 3105 1108 3164 tertio

75 3200 102 3244 55
111 3196 226 3264 ternas,
250 3194 352 3265 quarto
371 3187 458 3263 duae,
475 3190 573 3264 quinto
590 3205 681 3248 unam.
713 3189 756 3247 515
771 3196 800 3247 51
816 3189 939 3287 suspiria
956 3187 1109 3246 emendant

112 3279 141 3330 et
161 3273 300 3331 vomicas.
331 3267 408 3330 Esse
425 3271 528 3331 animal
545 3271 676 3331 locustae
692 3271 784 3331 simile
803 3273 865 3331 5155
891 3271 1002 3349 pinnis,
1029 3269 1152 3347 quodlo

112 3354 234 3415 trixallis
249 3356 362 3416 Graece
378 3363 515 3430 vocetur,
535 3354 662 3415 Latinum
682 3372 786 3415 nomen
807 3371 864 3414 non
880 3352 999 3431 habeat,
1021 3353 1109 3439 aliqui

112 3435 299 3515 arbitrantur,
314 3457 370 3498 nec
387 3440 471 3520 pauci
484 3447 633 3516 auctores,
651 3437 708 3497 hoc
724 3455 791 3498 esse
808 3438 885 3516 quod
896 3438 988 3516 gralli
999 3455 1115 3496 voces

159 3527 463 3586 555555555111.
911 3520 959 3578 11)
