2400 3840
330 203 410 249 unu.
426 203 515 252 mrsu.
531 202 611 249 xxv.
626 200 653 254 a.
671 201 696 254 9.
713 191 864 267 (on—63.)
1026 187 1078 249 *87

91 356 150 416 tula
173 355 292 434 viperae
315 355 417 416 similia
439 365 520 434 sunt,
541 356 615 416 haec
637 375 676 415 ex
698 357 766 416 vino
788 366 818 416 et
839 366 932 416 aceto.
964 356 1076 434 quidam

91 439 196 500 echion
212 448 397 517 personatam
411 449 515 500 vocant
527 441 607 499 cuius
619 439 691 499 lolio
706 440 811 500 nullum
824 448 869 500 est
883 440 979 516 latius,
992 457 1077 516 grao-

91 523 135 582 dis
157 522 257 602 lappas
276 524 427 583 ferentem.
458 522 539 583 huius
556 522 681 583 radicem
696 523 844 584 decoctam
859 542 896 584 en
912 531 995 582 aceto
1011 522 1077 583 dant

91 608 181 684 potui.
215 604 425 682 Hyoscyamum
450 615 619 667 contunsnm
645 625 708 666 cum
731 607 810 667 iuliis
837 626 875 666 ex
902 608 968 664 vino
995 605 1077 665 datur

65 688 278 767 speculariter
293 698 393 749 contra
408 691 531 768 aspidas.

154 773 234 851 (59.)
251 771 336 832 Nulla
352 783 446 833 tamen
457 773 603 833 Romanae
617 773 776 833 nobilitatis
793 773 857 853 plus
871 773 959 834 habet
973 785 1119 852 qnam10⁵

90 855 288 915 hierabotane.
318 857 404 935 aliqui
421 859 618 934 peristereou,
642 859 736 916 nostri
752 855 943 918 verbenacam
963 865 1075 917 vocant.

90 938 162 998 haec
175 948 220 998 est
233 957 314 1018 quam
326 939 441 1016 legatos
453 940 532 1000 ierne
545 939 580 999 ad
591 940 683 1000 hostis
696 939 888 1000 indicavimus.
914 941 967 1001 hac
977 940 1056 1000 lovis
1069 961 1119 1000 M

90 1039 188 1082 mensa
201 1025 338 1100 verritur,
353 1023 453 1083 domus
469 1033 628 1101 purgantur
642 1023 866 1103 lustranturque.
889 1042 999 1101 genera
1014 1026 1076 1084 eius

56 1103 163 1164 toduo:
181 1105 288 1165 loliosa
303 1124 386 1183 quam
411 1109 544 1166 leoninam
569 1114 685 1185 putant,
714 1124 774 1165 mas
800 1107 961 1166 rarioribus
987 1107 1075 1166 loliis.

90 1188 189 1247 ramuli
208 1191 357 1268 utriusque
381 1190 492 1268 plures,
511 1199 625 1266 tenues,
650 1187 804 1265 cubitales,
822 1190 965 1268 angulosi,
987 1189 1057 1252 lolia
1069 1199 1120 1255 106

89 1272 199 1331 minora
215 1290 297 1351 quam
309 1291 432 1351 quercus
446 1275 685 1352 angustioraque,
694 1271 829 1331 divisuris
841 1274 1009 1351 maioribus,
1023 1273 1077 1334 flos

17 1382 20 1388 ·
89 1352 220 1431 glaucus,
237 1356 320 1416 radix
335 1356 433 1433 longa,
450 1357 554 1419 tenuis.
578 1357 705 1418 nascitur
718 1355 825 1432 ubique
841 1358 869 1416 in
883 1357 974 1436 planis
989 1375 1077 1436 aquo·

90 1438 139 1495 sis.
172 1437 284 1516 quidam
301 1446 358 1499 noh
376 1438 533 1516 distingunt
555 1447 584 1500 et
604 1457 689 1498 unum
710 1441 824 1499 omnino
847 1457 939 1516 genus
959 1439 1077 1517 iaciunt,

55 1522 223 1596 ttqnoniam
243 1529 363 1600 utraque
384 1522 504 1583 eosdem
525 1522 646 1583 effectus
667 1522 781 1582 habeat,
812 1530 933 1602 utraque
955 1523 1079 1583 sortiun-

91 1610 136 1661 tur
150 1601 222 1663 Galli
238 1612 268 1662 et
285 1606 453 1683 praecinunt
471 1624 624 1686 responsa,
640 1605 692 1666 sed
707 1604 784 1683 blagi
800 1607 900 1684 utique
915 1608 992 1668 circa
1006 1606 1079 1666 hanc

89 1688 241 1747 insaniunt.
273 1687 326 1749 hac
341 1699 499 1766 perunctos
517 1691 673 1767 impetrare
690 1707 763 1767 quae
778 1689 888 1767 velint,
910 1690 1003 1751 lebris
1018 1690 1078 1750 abi·

89 1787 174 1845 gere,
190 1772 328 1831 amicitias
343 1772 499 1832 conciliare
515 1773 642 1852 nullique
658 1790 716 1833 non
732 1772 834 1833 morbo
850 1774 968 1835 mederi.
999 1773 1058 1833 col·
1070 1782 1119 1837 rot

90 1849 141 1928 ligi
159 1853 270 1913 debere
286 1857 362 1914 circa
380 1856 458 1915 canis
475 1865 568 1916 ortum
585 1858 625 1915 ita
639 1875 675 1915 ne
690 1856 757 1915 luna
775 1867 822 1916 aut
843 1856 888 1915 sol
906 1859 1077 1934 conspiciat,

53 1936 163 1994 aolavis
185 1944 251 1995 ante
274 1945 303 1996 ct
318 1937 405 1998 melle
428 1946 524 1998 terrae
548 1937 583 1998 ad
600 1940 773 2016 piamentum
794 1940 878 2014 datis,
902 1941 1079 1999 circumscri-

90 2027 167 2094 ptam
179 2020 260 2078 ierro
276 2019 364 2080 effodi
380 2022 495 2080 sinistra
509 2040 591 2082 manu
608 2031 638 2081 et
653 2024 683 2080 in
698 2021 820 2081 sublime
835 2021 916 2099 tolli,
932 2023 1033 2082 siccari
1049 2024 1078 2080 in

90 2100 189 2160 umbra
206 2105 361 2179 separatim
375 2103 455 2182 lolia,
469 2104 589 2184 caulem,
607 2104 739 2165 radicem.
762 2105 851 2179 aiunt,
868 2105 892 2164 si
908 2121 981 2182 aqua
997 2122 1077 2183 spar-

90 2191 174 2258 gatur
194 2185 348 2244 triclinium
362 2205 417 2266 qua
432 2187 588 2265 maduerit,
609 2188 748 2248 laetiores
764 2189 913 2246 convictus
929 2188 1001 2247 lieri.
1030 2187 1077 2248 ad-

90 2284 192 2326 versus
209 2271 355 2346 serpentis
373 2273 534 2333 conteritur
552 2290 590 2331 ex
606 2273 682 2331 vino.

52 2367 80 2406 25
151 2346 233 2432 (60.)
251 2350 304 2411 list
324 2353 424 2413 similis
441 2355 591 2415 *verbasco
608 2353 699 2415 herba
715 2371 789 2432 quae
805 2370 895 2433 saepe
914 2353 987 2414 lallit
1004 2354 1057 2433 pro
1070 2366 1121 2419 108

90 2449 125 2491 ea
136 2441 230 2510 capta,
242 2434 321 2495 loliis
333 2437 425 2496 minus
438 2436 576 2514 candidis,
586 2435 733 2498 cauliculis
746 2436 888 2515 pluribus,
901 2435 974 2497 llore
986 2436 1076 2497 luteo.

88 2514 161 2576 haec
180 2516 294 2579 abiecta
316 2519 419 2579 blattas
441 2521 470 2579 in
490 2539 523 2580 se
545 2520 688 2581 contrahit
708 2519 836 2597 ideoque
848 2517 959 2578 Romae
976 2519 1078 2581 blatta·

89 2600 131 2657 ria
147 2609 275 2661 vocatur.

151 2682 232 2762 (61.)
257 2684 462 2746 dlolemonium
477 2703 574 2745 sucum
588 2685 711 2745 lacteum
732 2686 818 2745 mittit
839 2692 1078 2745 concrescentem

52 2780 80 2822 ao
90 2767 205 2825 cummis
221 2767 306 2828 modo
323 2768 431 2829 umidis
441 2768 523 2829 locis.
555 2768 639 2829 datur
653 2769 751 2828 denari
769 2769 879 2848 pondus
895 2771 924 2827 in
939 2771 1016 2829 vino.

48 2852 50 2856 ’
151 2849 233 2928 (62.)
250 2848 485 2931 Quinqueiolinm
501 2851 571 2912 nulli
583 2853 713 2929 ignotum
724 2861 781 2929 est,
796 2871 859 2912 eom
870 2853 957 2912 etiam
971 2852 1052 2929 lraga
1068 2862 1120 2916 109

89 2932 237 3011 gignendo
255 2934 480 3013 commendetur,
503 2934 605 2996 Graeci
627 2943 801 3015 pentapetes
823 2937 886 2996 sive
907 2934 1078 3015 pentaphyl-

90 3015 139 3076 lon
160 3024 209 3076 aut
232 3018 435 3079 chamaezelon
454 3027 566 3080 vocant.
600 3036 663 3078 cum
688 3016 832 3096 effoditur,
854 3018 969 3080 rubram
990 3019 1078 3079 habet

90 3099 224 3162 radicem.
256 3100 328 3162 haec
346 3104 513 3163 inarescens
536 3103 676 3179 nigrescit
695 3111 726 3162 et
746 3103 885 3180 angulosa
903 3103 942 3161 tit.
972 3119 1077 3160 nomen

54 3196 106 3242 ata
121 3202 239 3246 numero
255 3185 400 3245 foliorum.
421 3194 452 3246 et
466 3187 529 3262 ipsa
543 3184 635 3245 herba
650 3187 750 3264 incipit
764 3194 794 3246 et
808 3186 914 3245 desinit
930 3201 992 3244 cum
1007 3185 1075 3242 vite.

90 3266 243 3328 adhibetur
259 3277 289 3328 et
303 3267 458 3346 purgandis
474 3267 613 3328 domibus.

153 3349 235 3429 (63.)
253 3349 403 3411 Adversus
419 3353 565 3429 serpentis
581 3351 689 3412 bibitur
701 3361 732 3412 et
745 3352 806 3411 eius
818 3349 900 3410 radix
912 3367 986 3428 quae
998 3367 1079 3428 spar-

90 3435 197 3508 ganion
213 3441 334 3494 vocatur
349 3451 387 3493 en
403 3435 472 3494 vino
488 3434 565 3494 albo.
