2400 3840
156 177 215 238 116
495 189 527 239 o.
542 190 638 238 rursu
655 189 805 238 sncunnr

110 345 219 410 botuli.
259 342 388 421 ligerico
411 345 525 423 quidem
548 353 578 404 et
597 361 704 404 nervus
730 343 778 422 qni
805 343 901 422 platys
925 342 1091 422 appellatur
1121 353 1151 404 et

154 446 316 489 umerorum
332 428 417 489 dolor
436 436 552 488 sanatur
567 426 663 487 obolis
683 425 772 487 tribus
796 427 824 485 in
843 427 900 485 vini
917 427 1026 487 veteris
1039 426 1149 502 ,cyatho

153 529 209 573 uno
226 520 307 592 poto.
339 512 575 590 Quinqueiolium
588 509 755 571 ischiadicis
771 518 801 570 et
816 509 919 571 bibitur
941 519 971 570 et
989 509 1148 589 inponitur,

154 597 222 656 item
237 596 411 655 scammonia
430 594 552 655 decocta
567 603 596 654 et
611 612 673 653 com
688 593 789 653 hordei
803 593 905 653 lamna.
941 610 1042 653 semen
1055 592 1149 674 hype-

153 678 205 738 rici
220 679 370 757 utriusque
385 677 491 738 bibitur
505 696 543 739 ex
558 679 636 737 rino.
672 676 757 737 Sedis
778 678 847 736 vitia
870 685 900 736 et
918 677 1029 737 attritus
1053 676 1173 737 celer-n

153 762 224 822 rime
236 770 318 822 sanat
331 762 479 840 plantago,
496 759 696 836 condylomata
710 759 947 838 quinquefolium,
963 759 1063 820 sedem
1079 778 1150 821 con·

153 862 268 905 versam
283 844 435 919 cyclamini
450 845 532 904 radix
547 862 584 904 ex
599 852 694 909 aceto.
723 842 914 920 anagallidum
929 843 1065 903 caerulea
1100 861 1149 904 ro·

109 939 142 996 91
157 927 310 988 cidentiam
326 927 404 989 sedis
420 936 499 988 retro
516 929 592 1005 agit,
615 927 760 987 ediverso
777 925 884 987 rubens
900 927 1031 1004 proritat.
1086 935 1149 1002 oty-

153 1009 240 1070 ledou
257 1010 457 1085 condylomata
470 1020 500 1071 et
514 1009 747 1071 haemorrhoidas
761 1011 833 1069 mire
854 1018 948 1087 curat,
970 1011 1085 1070 testium
1100 1019 1143 1071 tn·

153 1110 251 1153 mores
265 1095 345 1153 acori
366 1095 449 1155 radix
469 1094 593 1155 decocta
611 1096 639 1153 in
660 1096 727 1154 vino
747 1095 871 1172 tritaque
892 1103 922 1153 et
940 1093 1029 1154 inlita.
1061 1094 1184 1154 inter-1⁰

153 1176 275 1252 trigines
290 1185 379 1254 negm
398 1177 460 1238 lieri
476 1176 548 1238 Gato
564 1177 734 1238 absinthium
750 1176 898 1237 Ponticum
921 1195 1019 1238 secum
1038 1175 1148 1238 hahen-

153 1258 239 1319 tibus.
281 1259 311 1321 9.
335 1260 384 1321 alii
406 1260 531 1322 adiciunt
555 1270 583 1321 et
609 1259 751 1339 puleium,
780 1260 858 1339 quod
884 1261 910 1320 si
939 1260 1050 1321 ieiunus
1083 1263 1149 1340 quis

153 1343 270 1421 legerit,
288 1344 312 1405 si
328 1353 396 1424 post
406 1363 439 1407 se
452 1344 571 1422 adliget,
586 1344 708 1422 inguinis
722 1343 841 1406 dolores
856 1343 991 1423 prohibet
1002 1352 1050 1404 aut
1066 1343 1150 1405 sedat

155 1436 288 1505 coeptos.

110 1522 144 1576 92
217 1511 300 1590 (59.)
321 1511 495 1588 inguinalis,
511 1529 597 1590 qnam
609 1510 723 1590 quidam
737 1510 928 1589 argemonion
943 1519 1061 1586 vocant,
1078 1528 1146 1590 pas·
1156 1521 1181 1562 ¹⁵

154 1594 206 1653 sim
217 1596 246 1651 in
262 1594 401 1672 vepribus
414 1611 539 1655 nascens
551 1603 582 1654 nt
591 1595 684 1673 prosit
694 1595 723 1653 in
734 1612 817 1655 manu
828 1603 934 1656 tanturn
947 1593 1081 1654 habenda
1091 1603 1147 1655 est.

218 1675 302 1755 (60.)
325 1676 419 1736 Panos
435 1686 516 1737 sanat
533 1695 661 1756 panaces
674 1696 711 1737 ex
721 1678 820 1754 malle,
836 1677 974 1756 plantago
992 1695 1056 1737 cum
1072 1677 1147 1754 sale,

119 1776 143 1812 ει
154 1759 395 1838 quinquefolium,
420 1760 597 1839 persollatae
620 1761 702 1820 radix
724 1769 755 1820 ut
772 1762 799 1820 in
817 1762 947 1837 strumis,
969 1763 1037 1821 item
1052 1760 1148 1820 dama·

151 1843 280 1919 scnium,
300 1842 471 1904 verbascum
488 1861 552 1904 oum
571 1862 623 1904 sua
636 1843 734 1904 radice
752 1853 874 1921 tunsum,
894 1845 962 1905 vino
978 1842 1148 1922 adspersum

151 1924 282 2004 lolioque
301 1926 459 1989 involutum
474 1936 502 1988 et
520 1928 559 1988 ita
583 1929 611 1986 in
634 1928 730 1988 cinere
754 1928 924 1988 calefactum
945 1937 975 1988 nt
995 1927 1148 2005 inponatur
1156 1941 1181 1983 so

109 2009 285 2072 bicalidum.
301 2013 415 2089 experti
425 2010 614 2073 adfirmavere
626 2011 784 2091 plurumum
796 2012 918 2088 referre,
934 2011 1051 2088 sirirgo
1064 2011 1147 2088 iupo-

151 2101 198 2152 nat
214 2093 288 2154 nuda
308 2094 401 2155 ieiuna
417 2095 512 2157 ieiuno
536 2104 565 2155 et
585 2112 669 2155 manu
692 2095 794 2174 supina
814 2103 936 2171 tangens
956 2094 1046 2155 dicat:
1075 2091 1147 2152 Ne·

151 2175 1147 2257 gathpollopestempossecrescerecuiuudavirgo

97 2295 100 2299 -
151 2258 381 2336 restinguat,
402 2269 488 2340 atque
509 2263 548 2321 ita
568 2270 697 2322 retrorsa
713 2279 796 2321 manu
817 2269 862 2321 ter
882 2261 959 2322 dicat
981 2260 1147 2338 totiensque

154 2339 295 2419 despuant
310 2341 404 2404 ambo.
434 2344 564 2404 medetur
580 2353 609 2405 et
625 2345 706 2405 radix
721 2344 930 2422 mandragorae
946 2361 983 2404 ex
999 2361 1085 2423 aqua,
1100 2355 1180 2402 rats

152 2423 225 2484 dicis
242 2428 435 2488 scammoniae
452 2427 605 2489 decoctum
627 2446 690 2489 oum
709 2427 811 2505 melle,
835 2427 960 2489 sideritis
976 2445 1039 2488 oum
1060 2426 1147 2505 adipe

151 2516 251 2571 vetere
268 2510 316 2571 rel
333 2508 514 2591 Chrysippea
526 2530 589 2573 cum
606 2513 669 2574 lucis
683 2511 845 2591 pinguibus.
869 2511 982 2573 ethaeo
996 2511 1033 2572 ah
1048 2511 1146 2569 inven-

150 2601 214 2653 tore
232 2593 319 2654 hahet
332 2611 446 2655 nomen.

107 2683 142 2738 94
212 2678 261 2737 to.
285 2678 369 2757 (61.)
390 2680 536 2740 Venerem
553 2680 582 2740 in
602 2688 690 2740 totum
714 2679 826 2754 adimit,
850 2687 879 2738 ut
904 2676 1044 2754 diximus,
1066 2693 1146 2754 nym-

116 2755 147 2798 ¹⁵·
162 2757 185 2791 ⁷⁵
194 2759 439 2841 phaealleraclia,
449 2762 549 2824 eadem
559 2764 651 2823 semel
660 2764 764 2840 potain
777 2761 826 2826 XL
840 2761 913 2839 dies,
922 2761 1061 2821 insomnia
1075 2777 1146 2840 quo·
1155 2774 1181 2818 ao

150 2858 207 2919 que
238 2846 353 2904 veneris
387 2845 523 2906 aieiuuo
554 2855 623 2924 pota
656 2854 685 2904 et
719 2847 747 2904 io
779 2844 845 2905 cibo
879 2854 1001 2923 sumpta.
1064 2844 1146 2904 inlita

150 2940 266 3002 quoque
281 2926 363 2985 radix
378 2927 551 3003 genitalibus
567 2929 676 2989 inhibet
690 2947 748 2988 non
768 2928 862 2989 solum
880 2945 1018 2989 venerem
1042 2927 1095 2988 sed
1117 2935 1147 2986 et

148 3005 329 3068 adfluentium
343 3010 505 3085 geniturae.
535 3011 572 3071 ob
588 3012 616 3072 id
633 3029 740 3091 corpus
754 3012 835 3073 alere
854 3028 1015 3090 vocemque
1032 3010 1145 3071 dicitur.

149 3090 342 3168 adpetentiam
357 3095 473 3154 veneris
487 3094 557 3155 iacit
574 3095 656 3156 radix
678 3114 695 3156 e
713 3095 813 3177 xiphio
838 3095 971 3175 superior
993 3093 1058 3154 data
1074 3103 1145 3172 potu

149 3174 261 3252 iuvino,
275 3175 343 3235 item
355 3193 438 3255 quam
451 3178 600 3240 crethmon
613 3181 714 3257 agrion
722 3179 880 3259 appellant,
895 3195 1031 3238 ormeuos
1043 3179 1143 3254 agrios
1154 3195 1179 3236 es

150 3275 214 3318 cum
229 3259 347 3338 polenta
365 3263 512 3323 contritus.

106 3350 139 3404 95
216 3344 299 3424 (62.)
323 3344 382 3406 Sed
402 3345 476 3405 inter
497 3363 589 3426 pauca
616 3347 755 3408 mirabilis
778 3355 822 3406 est
845 3345 943 3406 orchis
962 3344 1054 3405 herba
1080 3345 1143 3404 sive

149 3428 287 3506 serapias,
304 3429 383 3490 foliis
397 3430 488 3510 porri,
507 3432 590 3492 caule
606 3430 738 3512 palmeo,
752 3430 825 3492 dore
842 3446 1006 3509 purpureo,
1029 3428 1145 3506 gemina
