2400 3840
318 223 398 269 rmr.
414 221 503 270 mer.
520 223 616 270 xxvr.
632 221 716 274 1-a
735 213 853 291 (3-7.)
1031 213 1085 272 101

95 377 245 437 scentibus
261 377 357 454 digitis
376 378 404 435 in
418 374 541 454 pedibus
563 376 760 454 manibusque.
789 378 917 456 Aegypti
941 379 1117 456 peculiares

95 460 151 519 boo
171 460 276 519 malum
299 468 343 534 et,
373 477 437 518 cum
458 461 487 518 io
508 477 594 536 reges
619 460 783 538 incidisset,
814 461 943 540 populis,
956 461 1087 535 funebre,

96 545 202 621 quippe
222 545 250 603 in
273 542 394 603 balineis
413 543 486 602 solia
501 542 734 621 temperabantur
754 544 876 604 humano
893 548 1031 620 sanguine
1053 546 1089 605 ad

93 627 264 686 medicinam
280 642 352 686 eam.
384 626 473 684 ethic
488 625 602 702 quidem
616 627 733 687 morbus
749 628 885 688 celeriter
903 631 929 687 in
946 628 1027 688 Italia
1042 647 1086 687 re·

73 712 217 769 astinetus
232 719 293 786 est,
315 712 390 768 sicut
405 718 433 768 et
447 709 498 769 ille
513 728 597 787 quem
619 728 781 787 gemursam
797 713 984 790 appellavere
999 714 1086 790 prisci

94 796 169 852 inter
189 792 293 870 digitos
309 792 412 872 pedum
427 802 605 870 nascentem,
621 796 705 855 etiam
728 798 842 855 nomine
858 795 1036 854 oblitterato.

140 898 145 904 ·
159 877 221 955 (6.)
242 875 273 935 ld
293 878 385 955 ipsum
400 875 539 946 mirabile,
554 876 628 936 alios
644 877 778 937 desinere
792 881 821 937 in
833 879 927 954 nobis,
943 878 1017 938 allos
1035 879 1112 944 du·9

94 978 168 1032 rare,
184 961 267 1019 sicuti
282 959 385 1018 colum.
411 958 509 1018 Tiberi
525 958 659 1020 Caesaris
676 963 837 1039 principatu
852 963 972 1040 inrepsit
986 962 1014 1020 id
1028 980 1086 1020 ma-

95 1044 166 1119 lum,
191 1061 247 1102 nec
271 1045 419 1122 quisquam
434 1043 463 1102 id
478 1044 557 1120 prior
570 1047 746 1121 imperatore
771 1046 835 1122 ipso
855 1047 961 1120 sensit,
983 1063 1087 1122 magna

60 1127 218 1187 rociuitatis
238 1126 376 1203 ambage,
400 1143 461 1185 cum
478 1128 507 1184 in
527 1127 622 1185 edicto
638 1127 699 1186 eius
718 1130 880 1187 excusantis
897 1128 1086 1188 valetudinem

96 1210 211 1286 legeret
226 1227 330 1268 nomen
344 1210 528 1285 incognitum.
572 1209 709 1288 quidhoc
727 1229 794 1269 esse
812 1211 938 1271 dicamus
953 1222 1000 1271 aut
1015 1230 1086 1289 quas

95 1294 214 1353 deorum
229 1290 309 1353 iras?
331 1310 430 1372 parum
446 1301 527 1351 erant
541 1294 616 1351 enirn
631 1293 738 1352 bomini
756 1303 834 1352 certa
850 1293 1015 1353 morborum
1031 1313 1083 1370 ge-

96 1395 180 1451 nera,
209 1395 271 1435 cunr
294 1393 380 1454 supra
403 1373 477 1435 GGG
503 1385 617 1451 essent,
640 1378 691 1434 nisi
707 1378 791 1435 etiam
807 1393 882 1436 nova
897 1377 1085 1437 timerentur?

95 1477 189 1538 neque
210 1462 265 1539 ipsi
289 1468 382 1519 antem
406 1459 537 1518 homines
553 1460 689 1538 pauciora
711 1459 765 1518 sibi
786 1476 877 1538 opera
897 1478 947 1519 sua
969 1461 1085 1536 negotia

61 1566 85 1605 ιι
96 1545 251 1621 inportant.
286 1542 365 1602 Haec
382 1543 456 1620 apud
472 1543 586 1620 priseos
602 1552 684 1602 erant
698 1560 772 1621 quae
785 1560 976 1603 memoramus
989 1557 1127 1606 reme-10

95 1626 150 1703 dia,
165 1625 332 1686 medicinam
348 1627 411 1703 ipsa
427 1626 635 1703 quodammodo
655 1644 750 1685 rerum
772 1635 871 1686 natura
891 1627 1034 1702 iaciente,
1056 1636 1085 1686 et

96 1711 142 1769 diu
157 1711 269 1769 luero·
297 1709 325 1768 2.
348 1708 533 1788 Hippocratis
549 1719 645 1786 certe,
667 1712 716 1786 qui
731 1712 838 1787 primus
853 1709 984 1769 medendi
1000 1728 1082 1788 prae-

96 1801 181 1871 cepta
197 1793 355 1852 clarissime
374 1793 510 1868 condidit,
527 1793 633 1853 referta
647 1792 798 1852 herbarum
814 1795 957 1852 mentione
975 1795 1083 1852 inveni·

95 1894 156 1934 mus
184 1876 342 1951 volumina,
374 1894 429 1935 nec
455 1878 545 1934 minus
572 1874 668 1935 Diocli
693 1874 832 1951 Carystii,
863 1879 910 1953 qui
943 1875 1084 1935 secundus

60 1977 85 2017 ro
94 1968 189 2018 aetate
211 1958 342 2036 famaque
369 1960 489 2034 exstitit,
518 1960 585 2019 item
608 1958 792 2035 Praxagorae
814 1969 843 2018 et
866 1958 1021 2037 Chrysippi
1050 1975 1085 2019 ac

95 2041 199 2102 deinde
213 2041 380 2102 Erasistrati
395 2041 465 2119 Cei,
486 2040 645 2119 Herophilo
662 2042 791 2118 quidem,
808 2060 976 2120 quamquam
993 2042 1080 2101 subti·
1092 2055 1120 2106 ll

94 2127 176 2185 lioris
192 2134 290 2185 sectae
308 2124 460 2199 conditori,
476 2134 542 2185 ante
557 2126 648 2185 omnis
665 2124 840 2184 celebratam
855 2128 994 2185 rationem
1009 2143 1082 2200 eam,
1186 2154 1188 2158 ⁷

96 2209 229 2287 paulatim
241 2227 294 2267 usu
311 2208 513 2269 efficacissimo
531 2226 625 2268 rerum
641 2210 764 2267 omnium
779 2211 933 2286 magistro,
957 2208 1083 2286 peculia-

96 2293 164 2350 riter
174 2294 271 2370 utique
283 2291 453 2368 medicinae,
468 2293 505 2352 ad
515 2292 605 2351 rerba
615 2291 869 2369 garrulitatemque
878 2292 1081 2352 descendente.

60 2375 201 2434 assedere
228 2392 349 2454 namque
382 2377 411 2434 in
438 2375 547 2435 scholis
574 2375 709 2435 auditioni
732 2385 870 2452 operatos
892 2377 1001 2452 gratius
1022 2384 1084 2434 erat

95 2476 178 2537 quam
200 2460 242 2516 ire
258 2476 311 2535 per
326 2457 497 2517 solitudines
514 2467 543 2516 et
557 2476 698 2535 quaerere
722 2457 828 2518 barbas
849 2459 919 2517 alias
942 2459 1005 2517 aliis
1025 2458 1082 2517 die-

94 2541 148 2599 bus
165 2544 239 2600 anni.

160 2623 189 2682 3.
212 2622 274 2700 (7.)
295 2621 423 2681 Durabat
439 2630 533 2681 tamen
553 2624 703 2700 antiquitas
726 2623 805 2681 lirma
820 2640 996 2700 magnasque
1013 2634 1125 2686 con-12

93 2707 192 2765 iassae
217 2707 261 2763 rei
282 2702 445 2764 vindicabat
469 2705 622 2784 reliquias,
652 2704 746 2765 donec
772 2705 965 2782 Asclepiades
989 2715 1083 2767 amate

58 2809 84 2848 ao
96 2790 193 2865 Magni
208 2788 326 2867 Pompei
342 2787 441 2846 orandi
458 2791 597 2865 magister
611 2806 666 2848 nec
681 2791 751 2848 satis
767 2789 796 2847 in
809 2797 871 2848 arte
886 2808 919 2849 ea
931 2798 1082 2868 quaestuo-

95 2892 161 2948 sus,
192 2881 222 2931 ut
244 2872 279 2932 ad
299 2871 355 2932 alia
370 2889 453 2950 qnam
468 2871 562 2932 lorum
577 2873 691 2948 sagacis
706 2874 819 2948 ingeni,
844 2871 899 2933 buc
914 2892 946 2932 se
961 2883 1083 2952 repente

96 2957 238 3016 convertit
255 2965 359 3034 atque,
384 2964 413 3014 ut
432 2974 557 3015 necesse
579 2964 641 3015 erat
655 2955 761 3015 bomini
776 2957 824 3035 qui
845 2974 899 3016 nec
922 2958 950 3017 id
973 2959 1083 3033 egisset

95 3057 150 3098 nec
165 3040 290 3099 remedia
304 3047 406 3098 nosset
421 3039 515 3099 oculis
537 3057 646 3117 usuque
668 3039 872 3119 percipienda,
898 3042 1019 3100 torrenti
1045 3058 1079 3099 ac

95 3123 229 3182 meditata
253 3121 359 3181 cotidie
380 3124 510 3181 oratione
531 3121 681 3182 blandiens
702 3125 795 3182 omnia
815 3123 960 3182 abdicavit
981 3132 1081 3182 totam-

60 3227 85 3267 m
95 3223 150 3284 que
166 3206 335 3265 medicinam
349 3204 385 3265 ad
403 3222 505 3264 causas
519 3205 684 3266 revocando
699 3206 882 3265 coniecturae
899 3206 986 3280 lecit,
1001 3208 1078 3282 quin·
1094 3217 1126 3270 ta

95 3306 151 3366 que
165 3307 214 3348 res
225 3292 357 3348 maxume
372 3290 560 3347 communium
577 3289 746 3348 auxiliorum
762 3289 924 3368 professus,
940 3289 1081 3347 abstinen-

95 3374 162 3431 tiam
184 3371 257 3448 cibi,
279 3372 350 3431 alias
374 3371 446 3448 vini,
472 3371 652 3431 iricatio'nem
673 3374 824 3451 corporis,
851 3370 1083 3445 ambulationem,

95 3457 290 3532 gestationes,
317 3472 391 3532 quae
414 3472 477 3513 oum
499 3455 695 3533 unusquisque
719 3456 915 3532 semetipsum
934 3453 1104 3522 §iniquae-
