2400 3840
132 200 193 262 250
448 208 479 257 o.
501 209 598 256 entur
620 207 769 256 sucorum

131 363 241 442 cyathis
256 364 384 441 duobus,
409 365 501 424 canini
526 364 629 441 capitis
651 363 721 421 cinis
742 365 769 422 in
787 364 898 439 mulso,
926 362 1082 441 multipeda
1098 365 1127 422 in

131 451 243 510 hemina
259 449 327 527 vini,
344 466 459 508 vermes
473 448 581 507 terreni
597 447 625 504 in
641 455 723 506 aceto
740 447 833 506 mulso
850 465 913 506 oum
933 463 1042 523 murra,
1063 447 1126 523 gal·

130 534 201 610 lina,
218 534 242 592 si
254 535 291 592 sit
306 532 392 594 luteis
409 531 550 611 pedibus,
564 531 643 607 prius
659 547 732 606 aqua
750 532 923 609 purificatis,
940 530 1005 589 dein
1022 531 1127 590 colutis

87 628 122 684 94
134 619 200 677 vino
212 616 289 695 quod
304 616 427 691 bibatur,
446 613 597 674 cerebrum
612 614 739 692 perdicis
755 623 803 673 aut
820 614 933 692 aquilae
948 616 976 672 in
991 614 1048 672 vini
1059 630 1127 688 epa·

130 701 185 760 this
200 699 302 777 tribus,
319 701 389 760 cinis
406 699 564 778 plumarum
577 706 624 757 aut
636 698 847 757 interaneorum
862 697 1002 776 palumbis
1018 698 1046 755 in
1056 697 1151 758 mul-s

131 801 165 844 so
189 783 225 844 ad
242 785 387 844 coclearia
408 784 477 858 tria,
499 799 649 860 passerum
672 781 742 840 cinis
765 785 914 841 sarmentis
938 790 1127 841 crematorum

131 867 315 928 coclearibus
340 865 452 925 duobus
474 867 503 924 in
522 883 597 943 aqua
620 864 722 924 mulsa.
755 864 827 924 Avis
847 867 955 924 icterus
970 873 1128 924 vocatura

132 952 249 1026 colore,
273 967 346 1026 quae
365 951 389 1008 si
411 958 576 1028 spectetur,
598 951 691 1008 sanari
713 949 740 1008 id
755 949 858 1008 malum
873 948 986 1009 tradunt
1001 956 1030 1008 et
1044 965 1128 1007 avem

130 1037 211 1093 mori.
248 1033 322 1092 hanc
338 1041 408 1112 puto
422 1033 520 1093 Latine
535 1033 635 1092 vocari
652 1032 810 1108 galgnlum.

87 1130 121 1184 95
185 1116 268 1194 (29.)
290 1117 467 1176 Phreneticis
483 1115 625 1194 prodesse
645 1116 759 1176 videtur
779 1115 876 1193 pulmo
895 1115 1036 1193 pecudum
1060 1113 1159 1172 cali-ro

131 1201 183 1262 dus
200 1201 277 1260 circa
293 1208 379 1279 caput
395 1200 547 1276 adligatus.
571 1217 635 1259 nam
648 1201 734 1259 muris
750 1199 901 1258 cerebrum
914 1199 984 1258 dare
994 1199 1074 1275 potui
1092 1214 1129 1256 ex

131 1303 204 1364 aqua
217 1276 403 1344 ant'cinerem
419 1283 559 1345 mustelae
574 1284 623 1342 vel
639 1284 723 1343 etiam
738 1284 912 1342 inveteratas
925 1283 1020 1342 carnis
1034 1281 1128 1340 irena·

132 1371 177 1429 oei
199 1368 262 1446 quis
278 1369 372 1446 possit
388 1367 510 1445 iurenti,
533 1367 645 1426 etiamsi
664 1368 700 1426 sit
715 1375 794 1426 certa
809 1363 971 1424 medicina?
1004 1364 1128 1424 bubonis

132 1453 247 1531 quidem
259 1453 408 1513 oculorum
421 1452 547 1511 cinerem
559 1451 633 1511 inter
645 1467 679 1509 ea
692 1449 795 1528 quibus
806 1449 976 1528 prodigiose
988 1449 1076 1508 vitam
1088 1447 1128 1507 lu·

132 1537 283 1597 diiicantur
296 1537 478 1615 acceperim,
497 1535 716 1614 praecipueque
727 1533 849 1593 febrium
861 1533 1001 1592 medicina
1014 1531 1129 1610 placitis
1138 1546 1159 1588 15

86 1631 122 1686 96
133 1637 231 1679 eorum
248 1621 399 1679 renuntiat.
429 1635 551 1696 namque
567 1627 597 1677 et
610 1619 638 1676 in
653 1616 708 1677 ΧΠ
720 1619 802 1694 signa
819 1618 970 1694 digessere
986 1632 1049 1674 eam
1063 1615 1128 1674 sole

130 1711 322 1762 transmeante
338 1704 497 1778 iterumque
513 1701 594 1777 luna,
612 1700 689 1779 quod
706 1710 794 1761 totum
810 1699 970 1760 abdicatum
991 1700 1093 1778 paucis
1111 1715 1127 1755 e

131 1785 259 1865 pluribus
274 1783 416 1861 edocebo,
434 1784 574 1862 siquidem
591 1787 724 1844 crematis
745 1785 879 1862 tritisque
896 1801 959 1843 cum
975 1783 1043 1842 oleo
1063 1799 1128 1862 per·

131 1870 216 1946 ungui
227 1867 324 1928 iubent
337 1885 462 1944 aegros,
480 1885 543 1927 cum
555 1869 687 1944 geminos
702 1877 829 1928 transeat
843 1868 905 1944 sol,
925 1865 1019 1926 cristis
1036 1874 1066 1926 ct
1081 1882 1128 1924 au·

86 1963 121 2019 ot
133 1953 213 2012 ribus
235 1961 264 2012 et
285 1952 428 2029 unguibus
445 1950 688 2030 gallinaceorum,
714 1953 738 2010 si
758 1953 840 2027 luna,
865 1949 951 2010 radiis
972 1949 1160 2028 barbisquem

131 2055 245 2114 eorum,
268 2037 292 2096 si
315 2037 457 2114 virginem
474 2035 625 2112 alteruter,
643 2035 746 2095 bordei
761 2037 876 2113 granis,
899 2036 924 2094 si
940 2035 1128 2110 sagittarium,

129 2120 347 2198 vespertilionis
361 2120 431 2196 alis,
454 2121 477 2179 si
493 2119 608 2179 leonem
626 2119 707 2195 luna,
722 2118 867 2178 tamaricis
882 2117 1002 2195 iroude,
1026 2126 1054 2176 et
1069 2117 1129 2176 adi·

132 2204 208 2262 ciunt
222 2205 351 2281 sativae,
368 2205 392 2261 si
408 2204 565 2282 aquarium,
582 2221 598 2261 e
614 2201 691 2261 buxo
709 2202 883 2261 carbonibus
899 2203 984 2260 tritis.
1014 2219 1052 2260 ex
1066 2201 1130 2260 istis

131 2286 267 2345 confessa
282 2294 329 2345 aot
346 2294 425 2345 certe
441 2286 605 2346 verisimilia
623 2303 779 2363 ponemus,
805 2285 889 2345 sicuti
906 2285 1067 2361 letbargum
1087 2283 1129 2344 ol-

129 2369 259 2429 factoriis
275 2370 405 2447 excitari,
419 2372 493 2429 inter
506 2386 540 2428 ea
551 2369 685 2428 fortassis
702 2369 843 2429 mustelae
856 2368 999 2428 testiculis
1017 2369 1128 2427 invete·
1138 2379 1161 2420 ao

129 2452 199 2511 ratis
214 2460 262 2512 aut
283 2453 412 2514 iocinere
428 2462 503 2513 usto.
533 2453 578 2513 bis
601 2470 716 2531 quoque
738 2454 900 2531 pulmonem
922 2451 1044 2530 pecudis
1062 2450 1129 2510 oali·

130 2535 195 2595 dum
212 2538 291 2596 circa
308 2545 394 2617 caput
408 2535 559 2614 adalligari
579 2546 677 2614 putant
692 2537 771 2601 utile.

87 2630 122 2684 98
185 2620 270 2701 (30.)
294 2619 326 2680 ln
347 2623 493 2699 quartanis
518 2620 659 2680 medicina
688 2621 791 2680 clinice
821 2617 1031 2698 propemodum
1060 2616 1130 2676 nilril

130 2704 232 2782 pollet.
270 2705 455 2781 quamobrem
471 2704 553 2783 plura
575 2720 674 2764 eorum
694 2703 820 2764 remedia
838 2720 978 2782 ponemus
995 2700 1130 2781 primum·

131 2804 187 2864 que
202 2805 237 2846 ea
252 2805 327 2864 quae
343 2788 494 2865 adalligari
510 2786 624 2846 iubent:
646 2787 797 2865 pulverem
818 2789 847 2846 in
866 2803 923 2865 quo
939 2804 972 2845 se
987 2786 1161 2863 accipiterat

130 2869 306 2929 volutaverit
321 2871 381 2930 lino
397 2871 484 2931 rutilo
500 2873 528 2930 in
544 2871 676 2947 linteolo,
692 2871 771 2930 oanis
783 2871 856 2947 nigri
868 2870 982 2930 dentem
995 2867 1130 2945 longissi-

129 2969 213 3011 mum.
245 2953 497 3033 pseudosphecem
509 2962 614 3012 vocant
625 2971 745 3032 vespam
761 2971 835 3032 quae
850 2953 1003 3030 singularis
1016 2952 1129 3023 volitat,

131 3037 204 3096 hanc
220 3036 335 3096 sinistra
349 3053 432 3096 manu
448 3036 656 3115 adprehensam
678 3036 865 3113 subnectunt,
888 3037 937 3097 alii
957 3052 1028 3096 vero
1046 3051 1129 3113 quam

131 3121 194 3198 quis
209 3137 245 3181 eo
261 3138 336 3180 anno
354 3120 458 3181 viderit
474 3121 602 3200 primam.
632 3122 753 3197 viperae
768 3130 855 3200 eaput
870 3121 1016 3181 abscisum
1031 3120 1060 3177 in
1076 3118 1129 3177 lin·

87 3215 121 3269 99
133 3203 211 3264 teolo
227 3204 276 3263 vel
295 3220 347 3264 cor
361 3205 469 3264 viventi
487 3211 658 3281 exemptum.
689 3205 777 3264 muris
799 3204 949 3263 rostellum
972 3201 1161 3262 auriculas-tt

131 3305 188 3364 que
204 3305 327 3347 summas
343 3305 446 3346 russeo
464 3287 719 3366 pannoipsumque
735 3288 884 3364 dimittunt,
903 3287 1031 3347 lacertae
1043 3287 1128 3344 vivae

130 3370 260 3429 dextrum
284 3371 398 3431 oculum
420 3370 573 3443 effossum,
602 3388 670 3430 mox
693 3389 756 3430 cum
780 3372 875 3449 capite
898 3387 950 3429 suo
977 3369 1077 3428 deciso
1101 3369 1128 3426 in

126 3452 268 3528 pellicula
285 3454 411 3532 caprina,
427 3453 615 3514 scarabaeum
635 3456 683 3532 qui
697 3456 771 3532 pilas
789 3455 889 3514 volvit.
918 3460 1041 3532 propter
1052 3452 1129 3512 hunc
