2400 3840
326 205 406 252 usu.
424 203 515 252 meu.
532 204 646 252 xxuu.
666 201 746 254 1—4.
766 193 883 270 (1-o.)
1037 193 1096 254 35,

85 363 118 422 in
133 358 280 439 pastillos,
296 359 481 434 dysintericis
498 357 679 418 utilissimum
699 358 829 436 pondere
847 360 993 420 victoriati
1014 379 1078 421 cum

87 461 162 523 aqua
182 442 294 520 cyathis
312 441 413 502 tribus.

152 527 180 588 3.
201 527 263 607 (3.)
290 524 376 586 Glans
391 527 491 586 intrita
505 525 625 586 duritias
642 542 713 604 quas
735 527 876 587 cacoethe
898 535 1002 588 vocant
1014 537 1103 592 cumi

88 612 167 674 salsa
186 612 313 688 axungia
335 618 426 670 sanat.
459 610 696 671 vehementiores
717 608 807 688 iligna
823 620 864 671 ¹et
888 613 917 671 in
944 611 1077 671 omnibus

65 704 195 758 scorteu
220 696 285 774 ipse
300 696 464 773 corticique
482 696 577 753 tunica
600 692 740 754 subiecta.
777 695 849 754 haec
877 695 1002 755 decocta
1026 696 1075 754 ‘lu-

86 788 136 840 vat
156 778 312 840 coeliacos.
344 778 531 854 dysintericis
550 785 580 838 et
597 776 727 837 inlinitur
748 778 797 838 vcl
820 781 883 857 ipsa
908 779 999 856 glans.
1031 797 1077 839 ea·

87 864 154 926 dem
174 863 288 924 resistit
304 864 484 940 serpentium
505 860 628 939 ictibus,
643 861 872 940 rheumatismis,
895 864 1078 941 suppuratio-

86 946 181 1008 nibus.
207 945 279 1006 lolia
299 954 329 1006 et
352 946 443 1006 bacae
466 945 516 1006 tel
531 953 637 1006 cortex
657 944 705 1004 vel
722 964 808 1005 sucus
823 946 938 1006 decocti
955 954 1077 1025 prosunt

86 1038 189 1091 contra
204 1031 308 1090 toxica.
340 1037 446 1090 cortex
460 1029 591 1088 inlinitur
611 1029 749 1088 decoctus
772 1030 847 1090 lacte
871 1031 989 1090 vaccino
1017 1047 1078 1089 scr·

65 1117 186 1192 opentis
216 1114 338 1192 plagae,
369 1113 452 1174 datur
480 1122 512 1173 et
539 1132 577 1172 ex
605 1115 673 1172 vino
699 1112 891 1190 dysintericis.
923 1114 1024 1175 eadem
1048 1121 1078 1173 et

87 1197 147 1258 ilici
166 1200 220 1256 vis.

148 1283 178 1342 4.
202 1280 263 1359 (4.)
293 1278 418 1340 Coccum
431 1279 507 1340 ilicis
522 1280 692 1341 volneribus
704 1279 873 1360 recentibus
886 1298 925 1340 ex
938 1289 1023 1340 aceto
1035 1283 1104 1344 ins

87 1367 222 1443 ponitur,
237 1363 388 1441 epiphoris
405 1383 443 1423 ex
455 1382 544 1442 aqua,
567 1363 658 1424 oculis
673 1362 802 1423 subfusis
824 1366 964 1440 sanguine
986 1363 1078 1423 instil-

86 1447 183 1508 latum.
204 1454 250 1506 cst
264 1455 358 1507 autem
369 1466 462 1525 genus
477 1465 515 1507 ex
528 1465 565 1508 eo
580 1447 721 1524 iyAlrioa
732 1447 797 1506 iere
812 1454 842 1505 et
856 1446 927 1506 Asia
941 1464 1076 1523 nascens,

65 1531 243 1592 scelerrime
260 1532 289 1590 in
305 1532 411 1591 vermis
427 1531 542 1592 subtilis
561 1551 594 1591 se
610 1539 733 1607 nutans,
750 1529 828 1608 quod
840 1530 910 1603 ideo
926 1528 1076 1590 scolecion

88 1622 193 1675 nocant
208 1613 431 1693 inprobantque.
462 1614 632 1694 principalia
646 1617 708 1674 eius
723 1632 835 1691 genera
849 1613 980 1674 diximus.
1051 1633 1080 1673 o.
1096 1635 1118 1669 a

150 1699 211 1779 (5.)
242 1695 306 1757 Nec
327 1700 465 1776 pauciora
484 1698 579 1775 gallae
600 1717 710 1777 genera
726 1699 858 1774 lecimus,
873 1698 994 1758 solidam
1008 1709 1103 1776 per-9

86 1782 221 1859 foratam,
236 1783 306 1842 item
319 1781 413 1841 albam
428 1784 555 1859 nigram,
568 1784 709 1843 maiorem
720 1785 869 1843 minorem,
887 1785 931 1841 vis
943 1783 1032 1842 omni·
1056 1780 1117 1821 ’Μ’
1176 1812 1181 1821 ¹

87 1884 133 1926 um
157 1864 277 1942 similis,
310 1873 425 1945 optuma
451 1863 650 1943 Commagena.
684 1868 887 1927 excrescentia
904 1869 933 1925 in
949 1882 1076 1943 corpore

65 1948 210 2026 otollunt,
226 1958 348 2028 prosunt
358 1951 497 2028 gingivis,
511 1968 594 2025 uvae,
610 1951 670 2009 oris
684 1949 903 2010 exulcerationi.
931 1957 1076 2009 crematae

87 2042 118 2094 et
136 2035 206 2093 vino
224 2035 387 2094 exstinctae
400 2032 551 2108 coeliacis,
569 2033 754 2109 dysintericis
769 2033 936 2109 inlinuntur,
953 2050 1076 2110 parony-

86 2117 160 2177 chiis
183 2134 223 2177 ex
243 2117 347 2194 melle,
371 2124 403 2177 et
423 2116 568 2193 unguibus
589 2116 719 2193 scabris,
740 2117 903 2194 pterygiis,
928 2115 1076 2176 ulceribus

86 2200 283 2277 manantibus,
304 2200 530 2277 condylomatis,
558 2199 729 2260 volneribus
758 2217 832 2279 quac
860 2199 1076 2278 phagedaenica

86 2292 236 2345 vocantur.
265 2285 294 2343 in
308 2285 376 2342 vino
391 2293 487 2344 autem
501 2285 642 2344 decoctae
653 2283 770 2344 auribus
781 2284 966 2360 instillantur,
983 2281 1074 2343 oculis

65 2367 257 2445 einlinuntur,
273 2367 412 2427 adversus
429 2371 613 2450 eruptiones,
634 2384 727 2447 panos
746 2386 810 2428 cunr
825 2376 919 2428 aceto.
953 2367 1072 2426 nucleus
1088 2378 1119 2426 10

87 2451 328 2512 conmanducatus
349 2451 477 2511 dentium
500 2451 634 2512 dolorem
656 2451 757 2528 sedat,
789 2453 859 2511 item
875 2453 1075 2526 intertrigines

88 2543 119 2596 et
134 2535 272 2596 ambusta
303 2538 461 2595 inmaturae
478 2553 517 2594 ex
530 2535 575 2594 his
591 2552 630 2594 ex
644 2543 729 2594 aceto
745 2542 833 2612 potae
849 2533 955 2593 lienem
973 2550 1075 2593 consu·

86 2627 174 2679 munt.
207 2619 328 2679 eaedem
350 2627 495 2679 crematae
522 2627 552 2678 et
573 2626 658 2677 aceto
682 2615 760 2677 salso
783 2618 945 2676 exstinctae
960 2634 1076 2676 menses

87 2702 193 2761 sistunt
209 2701 369 2781 volvasque
386 2702 566 2782 procidentis
582 2703 653 2764 lotu.
683 2705 775 2760 omnis
793 2692 915 2778 capillos
933 2700 1075 2778 denigrat.

65 2803 77 2844 o
149 2785 213 2866 (6.)
245 2784 363 2847 Viscum
387 2805 405 2846 e
431 2785 541 2847 robore
565 2788 750 2865 praecipuum
776 2784 897 2845 diximus
917 2783 1117 2861 haberi,et11

87 2884 145 2948 quo
160 2869 355 2930 conficeretur
369 2869 463 2929 modo.
492 2871 605 2948 quidam
620 2877 790 2930 contunsum
810 2871 840 2928 in
861 2885 934 2947 aqua
951 2869 1038 2930 deco·
1054 2865 1119 2942 ¹2⁶2?

87 2960 172 3030 cunt,
201 2951 295 3013 donec
321 2952 392 3012 nibil
408 2956 526 3015 innatet.
558 2953 672 3032 quidam
694 2951 953 3014 conmanducantes
975 2954 1075 3012 acinos

88 3044 234 3115 exspuunt
249 3038 384 3096 cortices.
421 3045 567 3114 optumum
580 3035 657 3114 quod
672 3037 735 3095 sine
752 3037 863 3095 cortice
885 3036 1020 3115 quodque
1035 3035 1076 3095 le·

86 3118 252 3197 vissimum,
268 3127 352 3181 extm
374 3119 499 3195 fulvom,
523 3122 600 3180 intus
622 3136 801 3197 porraceum.
832 3119 901 3179 nihil
924 3129 970 3181 est
991 3119 1076 3198 gluti-

65 3204 199 3264 snosius.
236 3202 364 3280 emollit,
385 3202 502 3263 diremit
512 3203 770 3282 tumores,ysiccat
788 3211 919 3262 strumas.
949 3221 1013 3263 cum
1028 3221 1074 3261 re-

86 3288 150 3347 sina
170 3294 201 3347 et
215 3303 284 3348 cera
295 3303 386 3366 panos
400 3288 513 3363 mitigat
528 3290 619 3346 omnis
640 3289 767 3364 generis.
798 3286 910 3364 quidam
928 3294 958 3346 et
972 3285 1069 3362 galba·
1086 3296 1118 3348 rt

86 3387 153 3430 num
168 3369 295 3430 adiciunt
309 3372 371 3449 pari
385 3369 517 3450 pondere
533 3370 729 3449 singulomm,
759 3386 855 3447 eoque
875 3370 962 3428 modo
987 3377 1018 3428 et
1037 3369 1072 3427 ad

85 3452 209 3515 volnera
223 3460 340 3513 utuntur
373 3454 510 3532 unguium
523 3455 674 3515 scabritias
687 3453 816 3534 expolit,
830 3455 858 3513 si
873 3454 1014 3529 septenis
1028 3452 1095 3508 dxe-

889 3534 937 3599 ,μ
