2400 3840
162 192 221 255 106
471 206 501 254 υ.
524 206 621 254 entur
643 205 792 254 saccum

159 358 293 420 subvenit
321 359 467 437 agaricum
496 360 641 419 victoriati
671 359 803 438 pondere
833 356 929 416 tritum
957 365 986 414 et
1014 355 1043 413 in
1067 353 1150 414 mulsi

115 454 151 508 35
163 444 288 524 quinque
304 441 414 518 cyathis
429 442 533 502 datum
563 443 638 502 idem
654 452 684 502 et
698 457 830 503 amomon
845 440 925 499 lacit.
953 438 1079 499 iocineri
1094 438 1150 516 pri·

159 529 246 589 vatim
260 525 382 587 Teucria
397 523 502 585 bibitur
516 543 622 586 recens
632 525 774 586 drachmis
788 521 844 583 llll
857 524 885 582 in
899 539 1010 600 poscae
1025 520 1149 594 hemina,

161 610 334 672 vettonicae
353 608 487 668 drachma
508 627 563 669 una
577 610 606 667 in
622 628 714 687 aquae
731 607 842 668 calidae
858 604 970 681 cyathis
984 603 1094 680 tribus,
1115 602 1152 662 ad

160 695 258 755 cordis
272 694 340 753 vitia
363 690 529 768 infrigidas
549 692 660 766 cyathis
684 691 805 751 duobus.
850 687 1039 767 Quinqueloli
1063 703 1172 751 sucuss

160 777 298 838 iocineris
326 784 355 835 et
385 773 529 852 pulmonis
554 776 627 835 vitiis
651 775 878 852 sanguinemque
908 769 1096 831 reicientibus
1123 778 1151 829 et

160 862 329 937 cuicumque
344 857 489 934 sanguinis
504 859 574 918 vitio
587 860 662 918 intus
676 860 812 919 occurrit.
835 856 956 916 iocineri
971 853 1151 931 anagallides

158 945 230 1002 mire
246 949 376 1021 prosunt.
392 958 505 1019 capnon
515 939 632 1000 herbam
643 944 691 1020 qui
704 942 793 1002 edere
804 939 892 1000 bilem
904 957 958 1018 per
964 938 1073 1009 urinam
1086 935 1151 996 red-

160 1023 239 1100 dunt,
254 1042 365 1085 acoron
377 1024 498 1083 iocineri
510 1025 649 1102 medetur,
665 1024 779 1086 thoraci
788 1032 817 1083 et
828 1022 1007 1102 praecordiis
1022 1021 1151 1081 daucum.

115 1118 152 1173 36
226 1107 309 1187 (20.)
332 1106 469 1186 liphedra
490 1106 526 1167 ab
544 1108 609 1167 aliis
623 1107 756 1169 anabasis
769 1115 873 1168 vocata
889 1107 1015 1167 nascitur
1028 1113 1151 1165 ventoso
1161 1126 1183 1166 ro

159 1189 222 1250 lere
239 1198 331 1251 traotu
346 1190 487 1251 scandens
503 1190 637 1252 arborem
653 1201 682 1252 et
697 1211 735 1251 ex
752 1191 839 1251 ramis
852 1189 1057 1269 propendens,
1078 1186 1151 1247 lolio

159 1272 255 1352 nullo,
279 1272 360 1334 cirris
374 1291 527 1341 numerosa
549 1276 596 1354 qui
611 1277 666 1335 sint
681 1275 756 1334 iunci
771 1273 946 1352 geniculati,
974 1270 1072 1333 radice
1091 1270 1151 1350 pal·

160 1356 225 1417 lida.
255 1358 337 1418 datur
359 1376 397 1417 en
417 1358 484 1418 vino
505 1359 589 1436 nigro
604 1367 721 1419 austero
742 1359 808 1417 trita
824 1356 859 1416 ad
873 1359 989 1433 tussim,
1015 1356 1150 1432 suspiria,

159 1442 281 1502 tormina
307 1451 337 1502 et
362 1440 520 1502 sorbitione
540 1441 616 1503 lacta
638 1442 667 1500 in
693 1458 777 1521 quarn
796 1441 893 1499 vinum
914 1439 983 1499 addi
1007 1439 1150 1499 convenit.

157 1527 225 1584 item
253 1526 388 1601 gentiana
412 1524 572 1585 madefacta
598 1523 691 1602 pridie
717 1524 839 1584 contrita
862 1522 960 1583 denari
976 1521 1107 1599 pondere
1123 1521 1184 1580 inis

159 1607 269 1682 cyathis
290 1608 346 1665 vini
362 1604 463 1665 tribus.

116 1700 149 1756 37
223 1687 306 1767 (21.)
328 1687 416 1748 ileum
432 1687 575 1749 radiculas
592 1691 686 1749 tenuis
705 1689 792 1751 habet
809 1692 922 1767 nigras,
943 1687 1149 1748 beneolentis.

158 1772 289 1831 medetur
304 1788 361 1830 non
376 1769 461 1831 modo
476 1773 606 1850 pectoris
623 1772 772 1834 doloribus
787 1782 834 1833 aut
855 1770 954 1832 lateris
969 1769 1022 1830 sed
1039 1780 1068 1830 et
1087 1788 1150 1830 cru·

159 1854 262 1916 ditates
284 1854 399 1914 discutit
425 1855 549 1915 iucundo
576 1872 692 1934 sapore.
739 1857 902 1916 verbenaca
925 1872 996 1914 vero
1020 1853 1150 1915 omnibus

157 1936 319 1999 visceribus
334 1936 475 2016 medetur,
491 1938 647 2017 lateribus,
669 1938 867 2019 pulmonibus,
884 1937 1071 2013 iocineribus,
1088 1936 1182 1996 tho-no

107 2034 151 2089 ,38
161 2023 236 2099 raci,
260 2021 447 2101 peculiariter
462 2030 556 2084 autem
571 2022 752 2101 pulmonibus
774 2031 803 2082 et
820 2038 893 2100 quos
909 2020 944 2082 ab
967 2021 1010 2081 his
1025 2020 1148 2098 phthisis

158 2113 279 2183 temptet
311 2104 393 2165 radix
420 2105 530 2167 herbae
559 2107 736 2184 consiliginis
762 2122 845 2184 quam
879 2122 972 2183 nuper
1004 2107 1149 2164 inventam

106 2210 146 2250 -ss,
158 2208 181 2243 ss
200 2187 331 2248 diximus.
353 2205 432 2247 suum
445 2189 558 2267 quidem
568 2197 597 2248 et
613 2191 729 2268 pecoris
741 2190 832 2248 omnis
844 2188 999 2248 remedium
1010 2204 1149 2267 praesens

158 2281 203 2330 est
219 2269 382 2348 pulmonum
398 2270 468 2331 vitio
484 2271 531 2330 vel
547 2272 667 2331 traiecta
681 2280 787 2332 tanturn
808 2272 836 2330 in
852 2269 988 2331 auricula.
1019 2268 1078 2329 bibi
1099 2268 1146 2328 de·

157 2353 207 2413 bet
232 2371 269 2413 ex
295 2371 368 2433 aqua
389 2352 546 2433 haberique
569 2355 597 2414 in
618 2371 669 2414 ore
691 2354 808 2414 adsidue
829 2354 882 2414 suh
903 2354 1009 2431 lingua.
1031 2368 1183 2430 'super-ns

158 2437 240 2497 iicies
256 2438 319 2497 eius
339 2435 447 2498 herbae
469 2456 504 2499 an
524 2438 608 2498 sitin
632 2437 728 2518 abquo
749 2456 800 2498 usn
823 2437 915 2497 adhuc
936 2437 1076 2497 incertum
1096 2443 1149 2494 est.

157 2520 274 2581 renibus
288 2521 408 2601 prodest
423 2521 596 2600 plantaginis
608 2522 699 2598 cibus,
710 2522 883 2582 Vettonicae
896 2529 990 2599 potus,
1006 2519 1152 2597 agaricum

125 2615 258 2685 nepotum
274 2614 304 2665 ut
321 2607 350 2666 in
362 2607 444 2665 tussi.

106 2699 149 2753 :39
223 2688 307 2767 (22.)
329 2688 480 2768 Tripolion
509 2691 537 2748 in
563 2688 708 2749 maritimis
728 2688 953 2748 nascitursaxis
974 2685 1023 2746 ubi
1045 2685 1152 2745 adludit

157 2770 248 2845 unda,
271 2788 365 2849 neque
387 2772 498 2831 inmari
514 2789 609 2850 neque
632 2773 774 2847 insieco,
795 2770 868 2831 tolio
890 2770 971 2829 isatis
993 2770 1184 2844 crassiorem

158 2852 248 2912 cocle
263 2853 385 2932 palmum
401 2854 469 2930 alto,
489 2855 518 2913 in
532 2871 669 2914 mucrone
684 2853 789 2928 diviso,
805 2854 904 2914 radice
919 2852 999 2929 alba,
1022 2849 1152 2927 odorata,

158 2952 269 3011 crassa,
286 2935 369 2995 calidi
383 2945 494 3012 gustus.
524 2936 606 2997 datur
620 2937 763 3015 hepaticis
777 2938 807 2996 in
821 2937 897 2997 iarre
912 2936 1046 2998 decocta.
1078 2934 1152 2996 haec

130 3101 137 3135 ¹
155 3017 247 3160 hprga
263 3017 362 3078 cadem
373 3017 487 3079 videtur
501 3018 668 3098 quibusdam
678 3037 752 3099 quae
770 3020 878 3099 polium
890 3018 926 3080 de
941 3039 997 3098 qua
1013 3035 1066 3079 suo
1082 3019 1152 3078 loco

107 3103 166 3178 ἰᾷ),
193 3168 197 3176 ,
231 3101 340 3161 inimus.

137 3226 140 3232 ·
167 3149 191 3186 m
221 3184 306 3264 (23.)
329 3182 540 3264 Gromphaena,
557 3185 674 3246 alternis
689 3186 829 3249 viridibus
846 3187 1001 3265 roseisque
1018 3203 1073 3264 per
1087 3197 1186 3245 cau-³⁵

106 3280 149 3333 40
160 3268 302 3329 hemioliis
314 3269 441 3347 inposca
454 3270 623 3346 sanguinem
634 3270 820 3331 reicientibus
832 3269 971 3331 medetur.
990 3267 1074 3348 (24.)
1083 3270 1155 3328 ioci·

157 3354 219 3413 neri
236 3361 329 3414 autom
346 3352 436 3414 herba
458 3352 650 3431 malundrum,
673 3370 796 3414 nascens
815 3355 844 3412 in
868 3362 972 3431 segete
994 3369 1029 3412 ac
1052 3353 1154 3431 pratis,

157 3435 230 3496 llore
246 3435 313 3497 albo
331 3435 461 3497 odorata.
487 3437 549 3496 eius
565 3437 722 3498 cauliculus
741 3437 900 3497 conteritur
910 3455 947 3497 ex
960 3437 1028 3495 vino
1041 3443 1155 3497 vetere,
