<?xml version="1.0" encoding="UTF-8"?>
<!DOCTYPE html PUBLIC "-//W3C//DTD XHTML 1.0 Transitional//EN"
    "http://www.w3.org/TR/xhtml1/DTD/xhtml1-transitional.dtd">
<html xmlns="http://www.w3.org/1999/xhtml" xml:lang="en" lang="en">
 <head>
  <title>
</title>
<meta http-equiv="Content-Type" content="text/html;charset=utf-8" />
  <meta name='ocr-system' content='tesseract 3.04.00' />
  <meta name='ocr-capabilities' content='ocr_page ocr_carea ocr_par ocr_line ocrx_word'/>
</head>
<body>
  <div class='ocr_page' id='page_1' title='image "./cplinisecundina06plingoog_0384.png"; bbox 0 0 2400 3840; ppageno 0'>
   <div class='ocr_carea' id='block_1_1' title="bbox 344 194 1113 292">
    <p class='ocr_par' dir='ltr' id='par_1_1' title="bbox 344 194 1113 292">
     <span class='ocr_line' id='line_1_1' title="bbox 344 194 1113 292; baseline 0.007 -21"><span class='ocrx_word' id='word_1_1' title='bbox 344 224 424 271; x_wconf 75' lang='lat' dir='ltr'><strong>nau.</strong></span> <span class='ocrx_word' id='word_1_2' title='bbox 440 223 531 272; x_wconf 78' lang='lat' dir='ltr'><strong>mrsu.</strong></span> <span class='ocrx_word' id='word_1_3' title='bbox 547 194 658 272; x_wconf 67' lang='lat' dir='ltr'><strong>axum,</strong></span> <span class='ocrx_word' id='word_1_4' title='bbox 676 225 718 276; x_wconf 87' lang='lat' dir='ltr'><strong>ro.</strong></span> <span class='ocrx_word' id='word_1_5' title='bbox 735 212 882 292; x_wconf 75' lang='lat' dir='ltr'><strong>(so—51.)</strong></span> <span class='ocrx_word' id='word_1_6' title='bbox 1051 214 1113 276; x_wconf 81' lang='grc'><strong>309</strong></span> 
     </span>
    </p>
   </div>
   <div class='ocr_carea' id='block_1_2' title="bbox 73 379 1167 3545">
    <p class='ocr_par' dir='ltr' id='par_1_2' title="bbox 73 379 1167 3545">
     <span class='ocr_line' id='line_1_2' title="bbox 115 379 1112 458; baseline 0.002 -20"><span class='ocrx_word' id='word_1_7' title='bbox 115 379 209 439; x_wconf 89' lang='lat' dir='ltr'><strong>centia</strong></span> <span class='ocrx_word' id='word_1_8' title='bbox 222 379 285 437; x_wconf 87' lang='lat' dir='ltr'><strong>sivo</strong></span> <span class='ocrx_word' id='word_1_9' title='bbox 303 387 427 455; x_wconf 85' lang='lat' dir='ltr'><strong>servata,</strong></span> <span class='ocrx_word' id='word_1_10' title='bbox 441 379 525 437; x_wconf 88' lang='lat' dir='ltr'><strong>iocur</strong></span> <span class='ocrx_word' id='word_1_11' title='bbox 538 380 624 438; x_wconf 87' lang='lat' dir='ltr'><strong>ctiam</strong></span> <span class='ocrx_word' id='word_1_12' title='bbox 639 381 732 439; x_wconf 89' lang='lat' dir='ltr'><strong>tritum</strong></span> <span class='ocrx_word' id='word_1_13' title='bbox 747 380 895 458; x_wconf 83' lang='lat' dir='ltr'><strong>mixtoque</strong></span> <span class='ocrx_word' id='word_1_14' title='bbox 907 380 1007 441; x_wconf 90' lang='lat' dir='ltr'><strong>cedrio</strong></span> <span class='ocrx_word' id='word_1_15' title='bbox 1021 380 1112 457; x_wconf 91' lang='lat' dir='ltr'><strong>plum-</strong></span> 
     </span>
     <span class='ocr_line' id='line_1_3' title="bbox 114 460 1113 542; baseline 0 -18"><span class='ocrx_word' id='word_1_16' title='bbox 114 463 169 524; x_wconf 86' lang='lat' dir='ltr'><strong>bea</strong></span> <span class='ocrx_word' id='word_1_17' title='bbox 183 460 292 542; x_wconf 73' lang='lat' dir='ltr'><strong>pyxide</strong></span> <span class='ocrx_word' id='word_1_18' title='bbox 304 461 496 523; x_wconf 86' lang='lat' dir='ltr'><strong>adservatum.</strong></span> <span class='ocrx_word' id='word_1_19' title='bbox 516 462 556 521; x_wconf 90' lang='lat' dir='ltr'><strong>ita</strong></span> <span class='ocrx_word' id='word_1_20' title='bbox 568 479 675 540; x_wconf 91' lang='lat' dir='ltr'><strong>pueros</strong></span> <span class='ocrx_word' id='word_1_21' title='bbox 686 463 899 539; x_wconf 87' lang='lat' dir='ltr'><strong>mangonicavit</strong></span> <span class='ocrx_word' id='word_1_22' title='bbox 908 463 997 542; x_wconf 88' lang='lat' dir='ltr'><strong>Salpe</strong></span> <span class='ocrx_word' id='word_1_23' title='bbox 1013 463 1113 525; x_wconf 92' lang='lat' dir='ltr'><strong>obste-</strong></span> 
     </span>
     <span class='ocr_line' id='line_1_4' title="bbox 113 544 1115 624; baseline 0.001 -19"><span class='ocrx_word' id='word_1_24' title='bbox 113 546 180 606; x_wconf 82' lang='lat' dir='ltr'><strong>trix.</strong></span> <span class='ocrx_word' id='word_1_25' title='bbox 209 544 311 605; x_wconf 89' lang='lat' dir='ltr'><strong>eadem</strong></span> <span class='ocrx_word' id='word_1_26' title='bbox 327 545 371 604; x_wconf 88' lang='lat' dir='ltr'><strong>vis</strong></span> <span class='ocrx_word' id='word_1_27' title='bbox 388 544 515 624; x_wconf 91' lang='lat' dir='ltr'><strong>pulmoni</strong></span> <span class='ocrx_word' id='word_1_28' title='bbox 532 547 658 619; x_wconf 84' lang='lat' dir='ltr'><strong>marino,</strong></span> <span class='ocrx_word' id='word_1_29' title='bbox 684 547 783 605; x_wconf 91' lang='lat' dir='ltr'><strong>marini</strong></span> <span class='ocrx_word' id='word_1_30' title='bbox 808 546 919 624; x_wconf 88' lang='lat' dir='ltr'><strong>leporis</strong></span> <span class='ocrx_word' id='word_1_31' title='bbox 935 548 1068 624; x_wconf 89' lang='lat' dir='ltr'><strong>sanguini</strong></span> <span class='ocrx_word' id='word_1_32' title='bbox 1085 556 1115 606; x_wconf 90' lang='lat' dir='ltr'><strong>ot</strong></span> 
     </span>
     <span class='ocr_line' id='line_1_5' title="bbox 112 627 1113 707; baseline 0.002 -19"><span class='ocrx_word' id='word_1_33' title='bbox 112 628 188 703; x_wconf 82' lang='lat' dir='ltr'><strong>ielli,</strong></span> <span class='ocrx_word' id='word_1_34' title='bbox 204 627 252 689; x_wconf 86' lang='lat' dir='ltr'><strong>vel</strong></span> <span class='ocrx_word' id='word_1_35' title='bbox 264 629 289 688; x_wconf 90' lang='lat' dir='ltr'><strong>si</strong></span> <span class='ocrx_word' id='word_1_36' title='bbox 302 629 329 687; x_wconf 86' lang='lat' dir='ltr'><strong>in</strong></span> <span class='ocrx_word' id='word_1_37' title='bbox 342 627 410 688; x_wconf 92' lang='lat' dir='ltr'><strong>oleo</strong></span> <span class='ocrx_word' id='word_1_38' title='bbox 421 627 468 689; x_wconf 90' lang='lat' dir='ltr'><strong>hio</strong></span> <span class='ocrx_word' id='word_1_39' title='bbox 483 638 612 688; x_wconf 88' lang='lat' dir='ltr'><strong>necetur.</strong></span> <span class='ocrx_word' id='word_1_40' title='bbox 636 631 745 707; x_wconf 81' lang='lat' dir='ltr'><strong>cancri,</strong></span> <span class='ocrx_word' id='word_1_41' title='bbox 760 630 975 707; x_wconf 76' lang='lat' dir='ltr'><strong>scolopendrae</strong></span> <span class='ocrx_word' id='word_1_42' title='bbox 987 631 1113 691; x_wconf 86' lang='lat' dir='ltr'><strong>marinae</strong></span> 
     </span>
     <span class='ocr_line' id='line_1_6' title="bbox 88 711 1113 792; baseline 0.001 -19"><span class='ocrx_word' id='word_1_43' title='bbox 88 711 187 778; x_wconf 73' lang='lat' dir='ltr'><strong>acinis</strong></span> <span class='ocrx_word' id='word_1_44' title='bbox 205 729 268 772; x_wconf 93' lang='lat' dir='ltr'><strong>cum</strong></span> <span class='ocrx_word' id='word_1_45' title='bbox 285 712 366 786; x_wconf 80' lang='lat' dir='ltr'><strong>oleo,</strong></span> <span class='ocrx_word' id='word_1_46' title='bbox 383 713 473 772; x_wconf 87' lang='lat' dir='ltr'><strong>urtica</strong></span> <span class='ocrx_word' id='word_1_47' title='bbox 491 713 598 773; x_wconf 89' lang='lat' dir='ltr'><strong>marina</strong></span> <span class='ocrx_word' id='word_1_48' title='bbox 614 714 681 774; x_wconf 90' lang='lat' dir='ltr'><strong>trita</strong></span> <span class='ocrx_word' id='word_1_49' title='bbox 698 732 735 773; x_wconf 84' lang='lat' dir='ltr'><strong>ex</strong></span> <span class='ocrx_word' id='word_1_50' title='bbox 752 722 836 773; x_wconf 91' lang='lat' dir='ltr'><strong>aceto</strong></span> <span class='ocrx_word' id='word_1_51' title='bbox 855 713 999 788; x_wconf 89' lang='lat' dir='ltr'><strong>scillitico,</strong></span> <span class='ocrx_word' id='word_1_52' title='bbox 1015 722 1113 792; x_wconf 91' lang='lat' dir='ltr'><strong>torpe·</strong></span> 
     </span>
     <span class='ocr_line' id='line_1_7' title="bbox 113 795 1156 877; baseline 0.009 -23"><span class='ocrx_word' id='word_1_53' title='bbox 113 796 188 855; x_wconf 89' lang='lat' dir='ltr'><strong>dinis</strong></span> <span class='ocrx_word' id='word_1_54' title='bbox 200 795 352 855; x_wconf 88' lang='lat' dir='ltr'><strong>cerebrum</strong></span> <span class='ocrx_word' id='word_1_55' title='bbox 365 813 428 854; x_wconf 90' lang='lat' dir='ltr'><strong>cum</strong></span> <span class='ocrx_word' id='word_1_56' title='bbox 441 795 564 856; x_wconf 81' lang='lat' dir='ltr'><strong>alumine</strong></span> <span class='ocrx_word' id='word_1_57' title='bbox 575 796 685 856; x_wconf 91' lang='lat' dir='ltr'><strong>inlitum</strong></span> <span class='ocrx_word' id='word_1_58' title='bbox 698 795 861 860; x_wconf 89' lang='lat' dir='ltr'><strong>XV1.luua.</strong></span> <span class='ocrx_word' id='word_1_59' title='bbox 881 814 969 858; x_wconf 87' lang='lat' dir='ltr'><strong>ranae</strong></span> <span class='ocrx_word' id='word_1_60' title='bbox 983 815 1092 877; x_wconf 83' lang='lat' dir='ltr'><strong>parvae</strong></span> <span class='ocrx_word' id='word_1_61' title='bbox 1105 808 1156 862; x_wconf 80' lang='grc'><strong>136</strong></span> 
     </span>
     <span class='ocr_line' id='line_1_8' title="bbox 113 879 1146 959; baseline 0.002 -21"><span class='ocrx_word' id='word_1_62' title='bbox 113 897 199 958; x_wconf 64' lang='lat' dir='ltr'><strong>mum</strong></span> <span class='ocrx_word' id='word_1_63' title='bbox 220 880 249 938; x_wconf 92' lang='lat' dir='ltr'><strong>in</strong></span> <span class='ocrx_word' id='word_1_64' title='bbox 271 879 421 939; x_wconf 90' lang='lat' dir='ltr'><strong>oculorum</strong></span> <span class='ocrx_word' id='word_1_65' title='bbox 446 881 594 940; x_wconf 81' lang='lat' dir='ltr'>curatione</span> <span class='ocrx_word' id='word_1_66' title='bbox 617 879 823 959; x_wconf 77' lang='lat' dir='ltr'><strong>descripsimus</strong></span> <span class='ocrx_word' id='word_1_67' title='bbox 850 881 946 942; x_wconf 87' lang='lat' dir='ltr'><strong>sanies</strong></span> <span class='ocrx_word' id='word_1_68' title='bbox 969 881 1146 942; x_wconf 68' lang='lat' dir='ltr'><strong>efficacias·</strong></span> 
     </span>
     <span class='ocr_line' id='line_1_9' title="bbox 115 963 1114 1043; baseline 0.002 -21"><span class='ocrx_word' id='word_1_69' title='bbox 115 964 186 1022; x_wconf 88' lang='lat' dir='ltr'><strong>sime</strong></span> <span class='ocrx_word' id='word_1_70' title='bbox 208 963 359 1041; x_wconf 82' lang='lat' dir='ltr'><strong>psilotrum</strong></span> <span class='ocrx_word' id='word_1_71' title='bbox 375 972 437 1038; x_wconf 81' lang='lat' dir='ltr'><strong>est,</strong></span> <span class='ocrx_word' id='word_1_72' title='bbox 465 964 490 1022; x_wconf 93' lang='lat' dir='ltr'><strong>si</strong></span> <span class='ocrx_word' id='word_1_73' title='bbox 512 980 618 1024; x_wconf 88' lang='lat' dir='ltr'><strong>reeens</strong></span> <span class='ocrx_word' id='word_1_74' title='bbox 635 964 784 1038; x_wconf 76' lang='lat' dir='ltr'><strong>inlinatur,</strong></span> <span class='ocrx_word' id='word_1_75' title='bbox 809 972 838 1023; x_wconf 88' lang='lat' dir='ltr'><strong>et</strong></span> <span class='ocrx_word' id='word_1_76' title='bbox 852 966 916 1043; x_wconf 92' lang='lat' dir='ltr'><strong>ipsa</strong></span> <span class='ocrx_word' id='word_1_77' title='bbox 935 965 1065 1025; x_wconf 86' lang='lat' dir='ltr'><strong>arelacta</strong></span> <span class='ocrx_word' id='word_1_78' title='bbox 1079 983 1114 1024; x_wconf 86' lang='lat' dir='ltr'><strong>ac</strong></span> 
     </span>
     <span class='ocr_line' id='line_1_10' title="bbox 115 1046 1113 1122; baseline 0.002 -18"><span class='ocrx_word' id='word_1_79' title='bbox 115 1055 214 1122; x_wconf 86' lang='lat' dir='ltr'><strong>tunsa,</strong></span> <span class='ocrx_word' id='word_1_80' title='bbox 238 1064 307 1107; x_wconf 83' lang='lat' dir='ltr'><strong>mox</strong></span> <span class='ocrx_word' id='word_1_81' title='bbox 320 1047 445 1107; x_wconf 90' lang='lat' dir='ltr'><strong>decocta</strong></span> <span class='ocrx_word' id='word_1_82' title='bbox 461 1046 553 1106; x_wconf 90' lang='lat' dir='ltr'><strong>tribus</strong></span> <span class='ocrx_word' id='word_1_83' title='bbox 567 1046 688 1107; x_wconf 90' lang='lat' dir='ltr'><strong>heminis</strong></span> <span class='ocrx_word' id='word_1_84' title='bbox 703 1046 739 1107; x_wconf 90' lang='lat' dir='ltr'><strong>ud</strong></span> <span class='ocrx_word' id='word_1_85' title='bbox 757 1047 856 1107; x_wconf 89' lang='lat' dir='ltr'><strong>tertias</strong></span> <span class='ocrx_word' id='word_1_86' title='bbox 871 1047 919 1108; x_wconf 90' lang='lat' dir='ltr'><strong>vel</strong></span> <span class='ocrx_word' id='word_1_87' title='bbox 937 1049 965 1108; x_wconf 89' lang='lat' dir='ltr'><strong>in</strong></span> <span class='ocrx_word' id='word_1_88' title='bbox 980 1048 1049 1109; x_wconf 89' lang='lat' dir='ltr'><strong>oleo</strong></span> <span class='ocrx_word' id='word_1_89' title='bbox 1064 1046 1113 1107; x_wconf 91' lang='lat' dir='ltr'><strong>de-</strong></span> 
     </span>
     <span class='ocr_line' id='line_1_11' title="bbox 76 1129 1112 1210; baseline -0.001 -20"><span class='ocrx_word' id='word_1_90' title='bbox 76 1141 103 1182; x_wconf 76' lang='lat' dir='ltr'><strong>to</strong></span> <span class='ocrx_word' id='word_1_91' title='bbox 115 1138 199 1190; x_wconf 85' lang='lat' dir='ltr'><strong>cocta</strong></span> <span class='ocrx_word' id='word_1_92' title='bbox 211 1133 307 1190; x_wconf 90' lang='lat' dir='ltr'><strong>aereis</strong></span> <span class='ocrx_word' id='word_1_93' title='bbox 319 1132 405 1190; x_wconf 87' lang='lat' dir='ltr'><strong>vasis.</strong></span> <span class='ocrx_word' id='word_1_94' title='bbox 426 1130 528 1190; x_wconf 86' lang='lat' dir='ltr'><strong>eadem</strong></span> <span class='ocrx_word' id='word_1_95' title='bbox 542 1148 676 1191; x_wconf 86' lang='lat' dir='ltr'><strong>mensure</strong></span> <span class='ocrx_word' id='word_1_96' title='bbox 693 1129 742 1190; x_wconf 87' lang='lat' dir='ltr'><strong>alii</strong></span> <span class='ocrx_word' id='word_1_97' title='bbox 753 1150 769 1191; x_wconf 93' lang='lat' dir='ltr'><strong>e</strong></span> <span class='ocrx_word' id='word_1_98' title='bbox 779 1131 942 1210; x_wconf 86' lang='lat' dir='ltr'><strong>quindecim</strong></span> <span class='ocrx_word' id='word_1_99' title='bbox 954 1133 1031 1192; x_wconf 85' lang='lat' dir='ltr'><strong>ranis</strong></span> <span class='ocrx_word' id='word_1_100' title='bbox 1044 1149 1112 1192; x_wconf 88' lang='lat' dir='ltr'><strong>con-</strong></span> 
     </span>
     <span class='ocr_line' id='line_1_12' title="bbox 113 1213 1143 1293; baseline -0.002 -18"><span class='ocrx_word' id='word_1_101' title='bbox 113 1215 211 1275; x_wconf 88' lang='lat' dir='ltr'><strong>iiciunt</strong></span> <span class='ocrx_word' id='word_1_102' title='bbox 228 1215 388 1293; x_wconf 86' lang='lat' dir='ltr'><strong>psilotrum,</strong></span> <span class='ocrx_word' id='word_1_103' title='bbox 400 1215 474 1273; x_wconf 88' lang='lat' dir='ltr'><strong>sicut</strong></span> <span class='ocrx_word' id='word_1_104' title='bbox 489 1215 518 1273; x_wconf 93' lang='lat' dir='ltr'><strong>in</strong></span> <span class='ocrx_word' id='word_1_105' title='bbox 530 1215 623 1274; x_wconf 87' lang='lat' dir='ltr'><strong>oculis</strong></span> <span class='ocrx_word' id='word_1_106' title='bbox 636 1213 767 1274; x_wconf 81' lang='lat' dir='ltr'><strong>diximus.</strong></span> <span class='ocrx_word' id='word_1_107' title='bbox 787 1217 983 1291; x_wconf 74' lang='lat' dir='ltr'><strong>sanguisugae</strong></span> <span class='ocrx_word' id='word_1_108' title='bbox 996 1232 1143 1293; x_wconf 64' lang='lat' dir='ltr'><strong>quoquere</strong></span> 
     </span>
     <span class='ocr_line' id='line_1_13' title="bbox 111 1295 1112 1377; baseline 0 -20"><span class='ocrx_word' id='word_1_109' title='bbox 111 1295 207 1358; x_wconf 85' lang='lat' dir='ltr'><strong>tostae</strong></span> <span class='ocrx_word' id='word_1_110' title='bbox 222 1299 251 1357; x_wconf 91' lang='lat' dir='ltr'><strong>in</strong></span> <span class='ocrx_word' id='word_1_111' title='bbox 269 1315 340 1357; x_wconf 88' lang='lat' dir='ltr'><strong>vase</strong></span> <span class='ocrx_word' id='word_1_112' title='bbox 357 1296 439 1357; x_wconf 87' lang='lat' dir='ltr'><strong>fictili</strong></span> <span class='ocrx_word' id='word_1_113' title='bbox 463 1306 545 1357; x_wconf 86' lang='lat' dir='ltr'><strong>etex</strong></span> <span class='ocrx_word' id='word_1_114' title='bbox 566 1306 652 1358; x_wconf 89' lang='lat' dir='ltr'><strong>aceto</strong></span> <span class='ocrx_word' id='word_1_115' title='bbox 667 1296 765 1357; x_wconf 87' lang='lat' dir='ltr'><strong>inlitae</strong></span> <span class='ocrx_word' id='word_1_116' title='bbox 784 1296 906 1357; x_wconf 87' lang='lat' dir='ltr'><strong>eundem</strong></span> <span class='ocrx_word' id='word_1_117' title='bbox 921 1307 1020 1358; x_wconf 91' lang='lat' dir='ltr'><strong>contra</strong></span> <span class='ocrx_word' id='word_1_118' title='bbox 1036 1297 1112 1377; x_wconf 91' lang='lat' dir='ltr'><strong>pilos</strong></span> 
     </span>
     <span class='ocr_line' id='line_1_14' title="bbox 111 1379 1112 1441; baseline -0.001 -1"><span class='ocrx_word' id='word_1_119' title='bbox 111 1379 219 1441; x_wconf 88' lang='lat' dir='ltr'><strong>habent</strong></span> <span class='ocrx_word' id='word_1_120' title='bbox 233 1381 376 1441; x_wconf 79' lang='lat' dir='ltr'><strong>effectum.</strong></span> <span class='ocrx_word' id='word_1_121' title='bbox 395 1380 441 1440; x_wconf 91' lang='lat' dir='ltr'><strong>hic</strong></span> <span class='ocrx_word' id='word_1_122' title='bbox 453 1380 566 1440; x_wconf 85' lang='lat' dir='ltr'><strong>suidtus</strong></span> <span class='ocrx_word' id='word_1_123' title='bbox 578 1382 718 1440; x_wconf 89' lang='lat' dir='ltr'><strong>urentium</strong></span> <span class='ocrx_word' id='word_1_124' title='bbox 731 1398 782 1440; x_wconf 89' lang='lat' dir='ltr'><strong>eas</strong></span> <span class='ocrx_word' id='word_1_125' title='bbox 792 1389 877 1440; x_wconf 88' lang='lat' dir='ltr'><strong>necat</strong></span> <span class='ocrx_word' id='word_1_126' title='bbox 889 1381 1006 1441; x_wconf 85' lang='lat' dir='ltr'><strong>cimices</strong></span> <span class='ocrx_word' id='word_1_127' title='bbox 1017 1382 1112 1440; x_wconf 89' lang='lat' dir='ltr'><strong>unice.</strong></span> 
     </span>
     <span class='ocr_line' id='line_1_15' title="bbox 73 1453 1113 1543; baseline -0.002 -19"><span class='ocrx_word' id='word_1_128' title='bbox 73 1453 84 1481; x_wconf 91' lang='lat'><strong><em>¹</em></strong></span> <span class='ocrx_word' id='word_1_129' title='bbox 113 1472 250 1525; x_wconf 88' lang='lat' dir='ltr'><strong>castoreo</strong></span> <span class='ocrx_word' id='word_1_130' title='bbox 267 1480 382 1543; x_wconf 87' lang='lat' dir='ltr'><strong>quoque</strong></span> <span class='ocrx_word' id='word_1_131' title='bbox 397 1481 461 1523; x_wconf 90' lang='lat' dir='ltr'><strong>cum</strong></span> <span class='ocrx_word' id='word_1_132' title='bbox 476 1463 563 1524; x_wconf 91' lang='lat' dir='ltr'><strong>melle</strong></span> <span class='ocrx_word' id='word_1_133' title='bbox 585 1481 639 1542; x_wconf 90' lang='lat' dir='ltr'><strong>pro</strong></span> <span class='ocrx_word' id='word_1_134' title='bbox 656 1463 779 1541; x_wconf 87' lang='lat' dir='ltr'><strong>psilotro</strong></span> <span class='ocrx_word' id='word_1_135' title='bbox 798 1465 844 1522; x_wconf 93' lang='lat' dir='ltr'><strong>usi</strong></span> <span class='ocrx_word' id='word_1_136' title='bbox 860 1462 990 1541; x_wconf 90' lang='lat' dir='ltr'><strong>pluribus</strong></span> <span class='ocrx_word' id='word_1_137' title='bbox 1009 1463 1113 1524; x_wconf 92' lang='lat' dir='ltr'><strong>diebus</strong></span> 
     </span>
     <span class='ocr_line' id='line_1_16' title="bbox 75 1546 1111 1625; baseline -0.003 -18"><span class='ocrx_word' id='word_1_138' title='bbox 75 1557 102 1598; x_wconf 75' lang='lat' dir='ltr'><strong>tt</strong></span> <span class='ocrx_word' id='word_1_139' title='bbox 113 1549 309 1625; x_wconf 84' lang='lat' dir='ltr'><strong>reperiuntur,</strong></span> <span class='ocrx_word' id='word_1_140' title='bbox 325 1549 443 1606; x_wconf 91' lang='lat' dir='ltr'><strong>inomni</strong></span> <span class='ocrx_word' id='word_1_141' title='bbox 460 1555 554 1607; x_wconf 86' lang='lat' dir='ltr'><strong>autem</strong></span> <span class='ocrx_word' id='word_1_142' title='bbox 571 1547 694 1625; x_wconf 90' lang='lat' dir='ltr'><strong>psilotro</strong></span> <span class='ocrx_word' id='word_1_143' title='bbox 710 1546 857 1607; x_wconf 88' lang='lat' dir='ltr'><strong>evellendi</strong></span> <span class='ocrx_word' id='word_1_144' title='bbox 875 1547 955 1624; x_wconf 86' lang='lat' dir='ltr'><strong>prius</strong></span> <span class='ocrx_word' id='word_1_145' title='bbox 971 1554 1036 1606; x_wconf 91' lang='lat' dir='ltr'><strong>sunt</strong></span> <span class='ocrx_word' id='word_1_146' title='bbox 1050 1547 1111 1624; x_wconf 89' lang='lat' dir='ltr'><strong>pili.</strong></span> 
     </span>
     <span class='ocr_line' id='line_1_17' title="bbox 159 1628 1155 1709; baseline 0 -17"><span class='ocrx_word' id='word_1_147' title='bbox 159 1630 259 1708; x_wconf 85' lang='grc'>(48.)</span> <span class='ocrx_word' id='word_1_148' title='bbox 274 1628 424 1690; x_wconf 87' lang='lat' dir='ltr'><strong>lniautium</strong></span> <span class='ocrx_word' id='word_1_149' title='bbox 438 1632 565 1707; x_wconf 80' lang='lat' dir='ltr'><strong>gingivis</strong></span> <span class='ocrx_word' id='word_1_150' title='bbox 577 1629 839 1709; x_wconf 85' lang='lat' dir='ltr'><strong>dentitionibusque</strong></span> <span class='ocrx_word' id='word_1_151' title='bbox 851 1630 1010 1709; x_wconf 88' lang='lat' dir='ltr'><strong>plurumum</strong></span> <span class='ocrx_word' id='word_1_152' title='bbox 1023 1648 1092 1691; x_wconf 91' lang='lat' dir='ltr'><strong>con·</strong></span> <span class='ocrx_word' id='word_1_153' title='bbox 1105 1639 1155 1694; x_wconf 83' lang='grc'><strong>137</strong></span> 
     </span>
     <span class='ocr_line' id='line_1_18' title="bbox 111 1713 1112 1791; baseline -0.002 -17"><span class='ocrx_word' id='word_1_154' title='bbox 111 1715 169 1774; x_wconf 86' lang='lat' dir='ltr'><strong>lert</strong></span> <span class='ocrx_word' id='word_1_155' title='bbox 184 1713 312 1791; x_wconf 86' lang='lat' dir='ltr'><strong>delphini</strong></span> <span class='ocrx_word' id='word_1_156' title='bbox 331 1731 394 1772; x_wconf 91' lang='lat' dir='ltr'><strong>cum</strong></span> <span class='ocrx_word' id='word_1_157' title='bbox 409 1713 496 1773; x_wconf 88' lang='lat' dir='ltr'><strong>melle</strong></span> <span class='ocrx_word' id='word_1_158' title='bbox 512 1714 635 1773; x_wconf 90' lang='lat' dir='ltr'><strong>dentium</strong></span> <span class='ocrx_word' id='word_1_159' title='bbox 652 1714 723 1773; x_wconf 90' lang='lat' dir='ltr'><strong>cinis</strong></span> <span class='ocrx_word' id='word_1_160' title='bbox 738 1723 767 1773; x_wconf 84' lang='lat' dir='ltr'><strong>et</strong></span> <span class='ocrx_word' id='word_1_161' title='bbox 789 1713 813 1772; x_wconf 95' lang='lat' dir='ltr'><strong>si</strong></span> <span class='ocrx_word' id='word_1_162' title='bbox 830 1715 897 1790; x_wconf 91' lang='lat' dir='ltr'><strong>ipso</strong></span> <span class='ocrx_word' id='word_1_163' title='bbox 915 1713 1002 1774; x_wconf 89' lang='lat' dir='ltr'><strong>dente</strong></span> <span class='ocrx_word' id='word_1_164' title='bbox 1017 1714 1112 1791; x_wconf 88' lang='lat' dir='ltr'><strong>gingi-</strong></span> 
     </span>
     <span class='ocr_line' id='line_1_19' title="bbox 110 1797 1112 1876; baseline -0.001 -21"><span class='ocrx_word' id='word_1_165' title='bbox 110 1814 167 1857; x_wconf 89' lang='lat' dir='ltr'><strong>vae</strong></span> <span class='ocrx_word' id='word_1_166' title='bbox 189 1806 351 1873; x_wconf 87' lang='lat' dir='ltr'><strong>tangantur.</strong></span> <span class='ocrx_word' id='word_1_167' title='bbox 379 1797 551 1875; x_wconf 77' lang='lat' dir='ltr'><strong>adalligatus</strong></span> <span class='ocrx_word' id='word_1_168' title='bbox 577 1797 651 1857; x_wconf 92' lang='lat' dir='ltr'><strong>idem</strong></span> <span class='ocrx_word' id='word_1_169' title='bbox 678 1813 805 1876; x_wconf 87' lang='lat' dir='ltr'><strong>pavores</strong></span> <span class='ocrx_word' id='word_1_170' title='bbox 831 1799 1001 1875; x_wconf 85' lang='lat' dir='ltr'><strong>repentinos</strong></span> <span class='ocrx_word' id='word_1_171' title='bbox 1026 1797 1112 1858; x_wconf 82' lang='lat' dir='ltr'><strong>tollit.</strong></span> 
     </span>
     <span class='ocr_line' id='line_1_20' title="bbox 111 1878 1111 1958; baseline 0.001 -20"><span class='ocrx_word' id='word_1_172' title='bbox 111 1878 187 1940; x_wconf 92' lang='lat' dir='ltr'><strong>idem</strong></span> <span class='ocrx_word' id='word_1_173' title='bbox 199 1880 323 1940; x_wconf 75' lang='lat' dir='ltr'><strong>effectus</strong></span> <span class='ocrx_word' id='word_1_174' title='bbox 337 1889 366 1940; x_wconf 92' lang='lat' dir='ltr'><strong>et</strong></span> <span class='ocrx_word' id='word_1_175' title='bbox 381 1881 530 1941; x_wconf 90' lang='lat' dir='ltr'><strong>caniculae</strong></span> <span class='ocrx_word' id='word_1_176' title='bbox 544 1879 647 1941; x_wconf 89' lang='lat' dir='ltr'><strong>dentis.</strong></span> <span class='ocrx_word' id='word_1_177' title='bbox 670 1881 768 1941; x_wconf 88' lang='lat' dir='ltr'><strong>ulcera</strong></span> <span class='ocrx_word' id='word_1_178' title='bbox 783 1897 855 1940; x_wconf 89' lang='lat' dir='ltr'><strong>vero</strong></span> <span class='ocrx_word' id='word_1_179' title='bbox 867 1898 941 1958; x_wconf 80' lang='lat' dir='ltr'><strong>quae</strong></span> <span class='ocrx_word' id='word_1_180' title='bbox 953 1883 982 1940; x_wconf 81' lang='lat' dir='ltr'><strong>is</strong></span> <span class='ocrx_word' id='word_1_181' title='bbox 994 1881 1111 1941; x_wconf 91' lang='lat' dir='ltr'><strong>auribus</strong></span> 
     </span>
     <span class='ocr_line' id='line_1_21' title="bbox 75 1963 1110 2042; baseline 0.003 -22"><span class='ocrx_word' id='word_1_182' title='bbox 75 1977 102 2019; x_wconf 78' lang='lat' dir='ltr'><strong>ao</strong></span> <span class='ocrx_word' id='word_1_183' title='bbox 112 1971 160 2023; x_wconf 88' lang='lat' dir='ltr'><strong>aut</strong></span> <span class='ocrx_word' id='word_1_184' title='bbox 174 1963 233 2022; x_wconf 85' lang='lat' dir='ltr'><strong>ulla</strong></span> <span class='ocrx_word' id='word_1_185' title='bbox 249 1972 332 2042; x_wconf 92' lang='lat' dir='ltr'><strong>parte</strong></span> <span class='ocrx_word' id='word_1_186' title='bbox 344 1966 478 2041; x_wconf 89' lang='lat' dir='ltr'><strong>corporis</strong></span> <span class='ocrx_word' id='word_1_187' title='bbox 492 1965 560 2024; x_wconf 83' lang='lat' dir='ltr'><strong>haut</strong></span> <span class='ocrx_word' id='word_1_188' title='bbox 573 1980 742 2023; x_wconf 92' lang='lat' dir='ltr'><strong>cancrorum</strong></span> <span class='ocrx_word' id='word_1_189' title='bbox 755 1964 931 2023; x_wconf 85' lang='lat' dir='ltr'><strong>fluviatilium</strong></span> <span class='ocrx_word' id='word_1_190' title='bbox 946 1982 1033 2024; x_wconf 89' lang='lat' dir='ltr'><strong>sucus</strong></span> <span class='ocrx_word' id='word_1_191' title='bbox 1047 1981 1110 2024; x_wconf 90' lang='lat' dir='ltr'><strong>cum</strong></span> 
     </span>
     <span class='ocr_line' id='line_1_22' title="bbox 111 2045 1156 2123; baseline 0.003 -17"><span class='ocrx_word' id='word_1_192' title='bbox 111 2047 202 2106; x_wconf 84' lang='lat' dir='ltr'><strong>lerina</strong></span> <span class='ocrx_word' id='word_1_193' title='bbox 218 2045 385 2105; x_wconf 87' lang='lat' dir='ltr'><strong>hordeacea</strong></span> <span class='ocrx_word' id='word_1_194' title='bbox 401 2055 492 2104; x_wconf 89' lang='lat' dir='ltr'><strong>sanat.</strong></span> <span class='ocrx_word' id='word_1_195' title='bbox 520 2045 600 2105; x_wconf 89' lang='lat' dir='ltr'><strong>etad</strong></span> <span class='ocrx_word' id='word_1_196' title='bbox 622 2046 754 2123; x_wconf 83' lang='lat' dir='ltr'><strong>reliquos</strong></span> <span class='ocrx_word' id='word_1_197' title='bbox 768 2045 887 2106; x_wconf 92' lang='lat' dir='ltr'><strong>morbos</strong></span> <span class='ocrx_word' id='word_1_198' title='bbox 902 2048 960 2106; x_wconf 88' lang='lat' dir='ltr'><strong>triti</strong></span> <span class='ocrx_word' id='word_1_199' title='bbox 976 2047 1156 2110; x_wconf 83' lang='lat' dir='ltr'><strong>inole0138</strong></span> 
     </span>
     <span class='ocr_line' id='line_1_23' title="bbox 112 2128 1111 2208; baseline 0.002 -20"><span class='ocrx_word' id='word_1_200' title='bbox 112 2131 260 2208; x_wconf 89' lang='lat' dir='ltr'><strong>perunctis</strong></span> <span class='ocrx_word' id='word_1_201' title='bbox 273 2138 403 2206; x_wconf 89' lang='lat' dir='ltr'><strong>prosunt.</strong></span> <span class='ocrx_word' id='word_1_202' title='bbox 421 2129 543 2188; x_wconf 88' lang='lat' dir='ltr'><strong>siriasim</strong></span> <span class='ocrx_word' id='word_1_203' title='bbox 557 2128 704 2188; x_wconf 86' lang='lat' dir='ltr'><strong>infantium</strong></span> <span class='ocrx_word' id='word_1_204' title='bbox 717 2146 851 2207; x_wconf 89' lang='lat' dir='ltr'><strong>spongea</strong></span> <span class='ocrx_word' id='word_1_205' title='bbox 866 2129 971 2207; x_wconf 83' lang='lat' dir='ltr'><strong>frigida</strong></span> <span class='ocrx_word' id='word_1_206' title='bbox 988 2130 1111 2191; x_wconf 90' lang='lat' dir='ltr'><strong>cerebro</strong></span> 
     </span>
     <span class='ocr_line' id='line_1_24' title="bbox 110 2211 1110 2287; baseline 0 -15"><span class='ocrx_word' id='word_1_207' title='bbox 110 2211 255 2272; x_wconf 80' lang='lat' dir='ltr'><strong>umefacto</strong></span> <span class='ocrx_word' id='word_1_208' title='bbox 272 2228 341 2271; x_wconf 91' lang='lat' dir='ltr'><strong>rana</strong></span> <span class='ocrx_word' id='word_1_209' title='bbox 357 2212 473 2272; x_wconf 89' lang='lat' dir='ltr'><strong>inversa</strong></span> <span class='ocrx_word' id='word_1_210' title='bbox 492 2212 647 2287; x_wconf 86' lang='lat' dir='ltr'><strong>adalligata</strong></span> <span class='ocrx_word' id='word_1_211' title='bbox 666 2212 870 2273; x_wconf 83' lang='lat' dir='ltr'><strong>efficacissime</strong></span> <span class='ocrx_word' id='word_1_212' title='bbox 888 2224 978 2273; x_wconf 89' lang='lat' dir='ltr'><strong>sanat.</strong></span> <span class='ocrx_word' id='word_1_213' title='bbox 1001 2214 1110 2273; x_wconf 86' lang='lat' dir='ltr'><strong>aridam</strong></span> 
     </span>
     <span class='ocr_line' id='line_1_25' title="bbox 111 2295 765 2355; baseline -0.003 -1"><span class='ocrx_word' id='word_1_214' title='bbox 111 2296 231 2354; x_wconf 90' lang='lat' dir='ltr'><strong>inveniri</strong></span> <span class='ocrx_word' id='word_1_215' title='bbox 247 2295 406 2355; x_wconf 84' lang='lat' dir='ltr'><strong>adfirmant.</strong></span> <span class='ocrx_word' id='word_1_216' title='bbox 667 2345 669 2349; x_wconf 91' lang='lat'><em>.</em></span> <span class='ocrx_word' id='word_1_217' title='bbox 763 2338 765 2342; x_wconf 33' lang='lat'><em>1</em></span> 
     </span>
     <span class='ocr_line' id='line_1_26' title="bbox 75 2378 1110 2458; baseline 0.002 -20"><span class='ocrx_word' id='word_1_218' title='bbox 75 2403 101 2445; x_wconf 71' lang='lat' dir='ltr'><strong>m</strong></span> <span class='ocrx_word' id='word_1_219' title='bbox 173 2378 257 2456; x_wconf 83' lang='grc'>(49.)</span> <span class='ocrx_word' id='word_1_220' title='bbox 280 2378 385 2439; x_wconf 86' lang='lat' dir='ltr'><strong>llullus</strong></span> <span class='ocrx_word' id='word_1_221' title='bbox 403 2381 432 2438; x_wconf 92' lang='lat' dir='ltr'><strong>in</strong></span> <span class='ocrx_word' id='word_1_222' title='bbox 452 2380 519 2444; x_wconf 88' lang='lat' dir='ltr'><strong>vino</strong></span> <span class='ocrx_word' id='word_1_223' title='bbox 534 2388 655 2438; x_wconf 91' lang='lat' dir='ltr'><strong>necatus</strong></span> <span class='ocrx_word' id='word_1_224' title='bbox 677 2379 725 2439; x_wconf 88' lang='lat' dir='ltr'><strong>vel</strong></span> <span class='ocrx_word' id='word_1_225' title='bbox 745 2380 835 2458; x_wconf 91' lang='lat' dir='ltr'><strong>piscis</strong></span> <span class='ocrx_word' id='word_1_226' title='bbox 852 2380 977 2440; x_wconf 89' lang='lat' dir='ltr'><strong>rubellio</strong></span> <span class='ocrx_word' id='word_1_227' title='bbox 994 2380 1042 2440; x_wconf 86' lang='lat' dir='ltr'><strong>vel</strong></span> <span class='ocrx_word' id='word_1_228' title='bbox 1062 2400 1110 2441; x_wconf 92' lang='lat' dir='ltr'><strong>an·</strong></span> 
     </span>
     <span class='ocr_line' id='line_1_27' title="bbox 110 2462 1111 2544; baseline 0.002 -22"><span class='ocrx_word' id='word_1_229' title='bbox 110 2462 219 2540; x_wconf 87' lang='lat' dir='ltr'><strong>guillae</strong></span> <span class='ocrx_word' id='word_1_230' title='bbox 235 2463 323 2537; x_wconf 80' lang='lat' dir='ltr'><strong>duae,</strong></span> <span class='ocrx_word' id='word_1_231' title='bbox 339 2463 407 2521; x_wconf 92' lang='lat' dir='ltr'><strong>item</strong></span> <span class='ocrx_word' id='word_1_232' title='bbox 424 2479 480 2522; x_wconf 90' lang='lat' dir='ltr'><strong>uva</strong></span> <span class='ocrx_word' id='word_1_233' title='bbox 495 2464 604 2522; x_wconf 90' lang='lat' dir='ltr'><strong>marina</strong></span> <span class='ocrx_word' id='word_1_234' title='bbox 617 2463 646 2521; x_wconf 92' lang='lat' dir='ltr'><strong>in</strong></span> <span class='ocrx_word' id='word_1_235' title='bbox 667 2463 733 2521; x_wconf 88' lang='lat' dir='ltr'><strong>vino</strong></span> <span class='ocrx_word' id='word_1_236' title='bbox 748 2463 911 2540; x_wconf 82' lang='lat' dir='ltr'><strong>putrefacta</strong></span> <span class='ocrx_word' id='word_1_237' title='bbox 925 2465 961 2523; x_wconf 91' lang='lat' dir='ltr'><strong>iis</strong></span> <span class='ocrx_word' id='word_1_238' title='bbox 977 2465 1026 2544; x_wconf 86' lang='lat' dir='ltr'><strong>qui</strong></span> <span class='ocrx_word' id='word_1_239' title='bbox 1044 2464 1111 2525; x_wconf 90' lang='lat' dir='ltr'><strong>inde</strong></span> 
     </span>
     <span class='ocr_line' id='line_1_28' title="bbox 111 2544 569 2606; baseline -0.002 -2"><span class='ocrx_word' id='word_1_240' title='bbox 111 2545 235 2606; x_wconf 89' lang='lat' dir='ltr'><strong>biberint</strong></span> <span class='ocrx_word' id='word_1_241' title='bbox 252 2544 376 2605; x_wconf 90' lang='lat' dir='ltr'><strong>taedium</strong></span> <span class='ocrx_word' id='word_1_242' title='bbox 392 2547 449 2604; x_wconf 88' lang='lat' dir='ltr'><strong>vini</strong></span> <span class='ocrx_word' id='word_1_243' title='bbox 466 2545 569 2605; x_wconf 88' lang='lat' dir='ltr'><strong>adiert.</strong></span> 
     </span>
     <span class='ocr_line' id='line_1_29' title="bbox 175 2628 1154 2708; baseline 0.005 -20"><span class='ocrx_word' id='word_1_244' title='bbox 175 2629 260 2707; x_wconf 83' lang='lat'>(50.)</span> <span class='ocrx_word' id='word_1_245' title='bbox 284 2631 429 2688; x_wconf 90' lang='lat' dir='ltr'><strong>Venerem</strong></span> <span class='ocrx_word' id='word_1_246' title='bbox 445 2628 555 2689; x_wconf 88' lang='lat' dir='ltr'><strong>inhibet</strong></span> <span class='ocrx_word' id='word_1_247' title='bbox 570 2629 723 2706; x_wconf 87' lang='lat' dir='ltr'><strong>echeneis,</strong></span> <span class='ocrx_word' id='word_1_248' title='bbox 739 2629 940 2708; x_wconf 89' lang='lat' dir='ltr'><strong>hippopotami</strong></span> <span class='ocrx_word' id='word_1_249' title='bbox 954 2630 1058 2689; x_wconf 78' lang='lat' dir='ltr'><strong>frontis</strong></span> <span class='ocrx_word' id='word_1_250' title='bbox 1073 2642 1154 2696; x_wconf 76' lang='lat' dir='ltr'><strong>eleo</strong></span> 
     </span>
     <span class='ocr_line' id='line_1_30' title="bbox 111 2711 1109 2791; baseline 0.001 -20"><span class='ocrx_word' id='word_1_251' title='bbox 111 2714 225 2771; x_wconf 91' lang='lat' dir='ltr'><strong>sinistra</strong></span> <span class='ocrx_word' id='word_1_252' title='bbox 242 2720 324 2789; x_wconf 88' lang='lat' dir='ltr'><strong>parte</strong></span> <span class='ocrx_word' id='word_1_253' title='bbox 341 2711 426 2789; x_wconf 90' lang='lat' dir='ltr'><strong>pellis</strong></span> <span class='ocrx_word' id='word_1_254' title='bbox 438 2714 467 2771; x_wconf 89' lang='lat' dir='ltr'><strong>in</strong></span> <span class='ocrx_word' id='word_1_255' title='bbox 479 2713 583 2788; x_wconf 87' lang='lat' dir='ltr'><strong>agnina</strong></span> <span class='ocrx_word' id='word_1_256' title='bbox 600 2712 771 2789; x_wconf 85' lang='lat' dir='ltr'><strong>adalligata,</strong></span> <span class='ocrx_word' id='word_1_257' title='bbox 790 2711 830 2772; x_wconf 87' lang='lat' dir='ltr'><strong>iel</strong></span> <span class='ocrx_word' id='word_1_258' title='bbox 849 2713 1010 2791; x_wconf 88' lang='lat' dir='ltr'><strong>torpedinis</strong></span> <span class='ocrx_word' id='word_1_259' title='bbox 1025 2715 1109 2773; x_wconf 87' lang='lat' dir='ltr'><strong>vivae</strong></span> 
     </span>
     <span class='ocr_line' id='line_1_31' title="bbox 75 2794 1110 2872; baseline 0 -16"><span class='ocrx_word' id='word_1_260' title='bbox 75 2816 102 2856; x_wconf 85' lang='lat' dir='ltr'><strong>ao</strong></span> <span class='ocrx_word' id='word_1_261' title='bbox 110 2794 285 2872; x_wconf 88' lang='lat' dir='ltr'><strong>genitalibus</strong></span> <span class='ocrx_word' id='word_1_262' title='bbox 308 2794 425 2854; x_wconf 87' lang='lat' dir='ltr'><strong>inlitum.</strong></span> <span class='ocrx_word' id='word_1_263' title='bbox 457 2795 600 2855; x_wconf 84' lang='lat' dir='ltr'><strong>concitant</strong></span> <span class='ocrx_word' id='word_1_264' title='bbox 623 2796 787 2856; x_wconf 90' lang='lat' dir='ltr'><strong>coclearum</strong></span> <span class='ocrx_word' id='word_1_265' title='bbox 808 2795 985 2856; x_wconf 81' lang='lat' dir='ltr'><strong>fluviatilium</strong></span> <span class='ocrx_word' id='word_1_266' title='bbox 1007 2814 1110 2857; x_wconf 87' lang='lat' dir='ltr'><strong>carues</strong></span> 
     </span>
     <span class='ocr_line' id='line_1_32' title="bbox 110 2877 1128 2956; baseline 0.002 -17"><span class='ocrx_word' id='word_1_267' title='bbox 110 2877 173 2939; x_wconf 90' lang='lat' dir='ltr'><strong>sale</strong></span> <span class='ocrx_word' id='word_1_268' title='bbox 192 2877 364 2939; x_wconf 86' lang='lat' dir='ltr'><strong>adservatae</strong></span> <span class='ocrx_word' id='word_1_269' title='bbox 386 2887 415 2939; x_wconf 91' lang='lat' dir='ltr'><strong>et</strong></span> <span class='ocrx_word' id='word_1_270' title='bbox 438 2881 467 2939; x_wconf 93' lang='lat' dir='ltr'><strong>in</strong></span> <span class='ocrx_word' id='word_1_271' title='bbox 489 2888 558 2956; x_wconf 93' lang='lat' dir='ltr'><strong>potu</strong></span> <span class='ocrx_word' id='word_1_272' title='bbox 579 2880 701 2939; x_wconf 79' lang='lat' dir='ltr'><strong>euvino</strong></span> <span class='ocrx_word' id='word_1_273' title='bbox 721 2879 821 2955; x_wconf 88' lang='lat' dir='ltr'><strong>datae,</strong></span> <span class='ocrx_word' id='word_1_274' title='bbox 845 2878 969 2954; x_wconf 74' lang='lat' dir='ltr'><strong>erythini</strong></span> <span class='ocrx_word' id='word_1_275' title='bbox 994 2881 1022 2940; x_wconf 91' lang='lat' dir='ltr'><strong>in</strong></span> <span class='ocrx_word' id='word_1_276' title='bbox 1042 2881 1108 2941; x_wconf 93' lang='lat' dir='ltr'><strong>cibo</strong></span> <span class='ocrx_word' id='word_1_277' title='bbox 1126 2935 1128 2940; x_wconf 92' lang='lat'><em>.</em></span> 
     </span>
     <span class='ocr_line' id='line_1_33' title="bbox 109 2961 1110 3042; baseline 0.003 -23"><span class='ocrx_word' id='word_1_278' title='bbox 109 2963 230 3038; x_wconf 79' lang='lat' dir='ltr'><strong>sumpti,</strong></span> <span class='ocrx_word' id='word_1_279' title='bbox 248 2962 331 3021; x_wconf 90' lang='lat' dir='ltr'><strong>iecur</strong></span> <span class='ocrx_word' id='word_1_280' title='bbox 345 2980 433 3022; x_wconf 87' lang='lat' dir='ltr'><strong>ranae</strong></span> <span class='ocrx_word' id='word_1_281' title='bbox 452 2961 578 3042; x_wconf 88' lang='lat' dir='ltr'><strong>diopetis</strong></span> <span class='ocrx_word' id='word_1_282' title='bbox 594 2962 643 3022; x_wconf 93' lang='lat' dir='ltr'><strong>vel</strong></span> <span class='ocrx_word' id='word_1_283' title='bbox 661 2962 812 3023; x_wconf 86' lang='lat' dir='ltr'><strong>calamitae</strong></span> <span class='ocrx_word' id='word_1_284' title='bbox 833 2964 862 3021; x_wconf 87' lang='lat' dir='ltr'><strong>iu</strong></span> <span class='ocrx_word' id='word_1_285' title='bbox 876 2963 1014 3041; x_wconf 90' lang='lat' dir='ltr'><strong>pellicula</strong></span> <span class='ocrx_word' id='word_1_286' title='bbox 1030 2966 1110 3040; x_wconf 90' lang='lat' dir='ltr'><strong>gruis</strong></span> 
     </span>
     <span class='ocr_line' id='line_1_34' title="bbox 110 3044 1108 3121; baseline 0.004 -19"><span class='ocrx_word' id='word_1_287' title='bbox 110 3044 295 3121; x_wconf 89' lang='lat' dir='ltr'><strong>adalligatum</strong></span> <span class='ocrx_word' id='word_1_288' title='bbox 314 3046 363 3106; x_wconf 92' lang='lat' dir='ltr'><strong>vel</strong></span> <span class='ocrx_word' id='word_1_289' title='bbox 384 3046 456 3106; x_wconf 90' lang='lat' dir='ltr'><strong>dens</strong></span> <span class='ocrx_word' id='word_1_290' title='bbox 478 3044 619 3106; x_wconf 91' lang='lat' dir='ltr'><strong>crocodili</strong></span> <span class='ocrx_word' id='word_1_291' title='bbox 639 3045 795 3109; x_wconf 82' lang='lat' dir='ltr'><strong>maxillaris</strong></span> <span class='ocrx_word' id='word_1_292' title='bbox 818 3046 947 3107; x_wconf 85' lang='lat' dir='ltr'><strong>adnexus</strong></span> <span class='ocrx_word' id='word_1_293' title='bbox 969 3047 1108 3106; x_wconf 85' lang='lat' dir='ltr'><strong>bracchio</strong></span> 
     </span>
     <span class='ocr_line' id='line_1_35' title="bbox 110 3125 1107 3206; baseline 0.003 -22"><span class='ocrx_word' id='word_1_294' title='bbox 110 3126 159 3186; x_wconf 87' lang='lat' dir='ltr'><strong>vel</strong></span> <span class='ocrx_word' id='word_1_295' title='bbox 172 3125 384 3206; x_wconf 74' lang='lat' dir='ltr'><strong>hippocampus</strong></span> <span class='ocrx_word' id='word_1_296' title='bbox 398 3130 446 3189; x_wconf 93' lang='lat' dir='ltr'><strong>vel</strong></span> <span class='ocrx_word' id='word_1_297' title='bbox 461 3131 542 3189; x_wconf 86' lang='lat' dir='ltr'><strong>nervi</strong></span> <span class='ocrx_word' id='word_1_298' title='bbox 556 3130 677 3189; x_wconf 89' lang='lat' dir='ltr'><strong>rubetae</strong></span> <span class='ocrx_word' id='word_1_299' title='bbox 699 3128 803 3191; x_wconf 86' lang='lat' dir='ltr'><strong>dextro</strong></span> <span class='ocrx_word' id='word_1_300' title='bbox 820 3130 933 3190; x_wconf 91' lang='lat' dir='ltr'><strong>lacerto</strong></span> <span class='ocrx_word' id='word_1_301' title='bbox 950 3129 1107 3206; x_wconf 88' lang='lat' dir='ltr'><strong>adalligati.</strong></span> 
     </span>
     <span class='ocr_line' id='line_1_36' title="bbox 76 3211 1011 3289; baseline -0.001 -20"><span class='ocrx_word' id='word_1_302' title='bbox 76 3227 239 3277; x_wconf 67' lang='lat' dir='ltr'><strong>memorem</strong></span> <span class='ocrx_word' id='word_1_303' title='bbox 254 3211 315 3270; x_wconf 85' lang='lat' dir='ltr'><strong>linit</strong></span> <span class='ocrx_word' id='word_1_304' title='bbox 328 3213 358 3270; x_wconf 91' lang='lat' dir='ltr'><strong>in</strong></span> <span class='ocrx_word' id='word_1_305' title='bbox 373 3214 490 3288; x_wconf 92' lang='lat' dir='ltr'><strong>pecoris</strong></span> <span class='ocrx_word' id='word_1_306' title='bbox 504 3215 616 3273; x_wconf 87' lang='lat' dir='ltr'><strong>recenti</strong></span> <span class='ocrx_word' id='word_1_307' title='bbox 632 3214 714 3274; x_wconf 88' lang='lat' dir='ltr'><strong>corio</strong></span> <span class='ocrx_word' id='word_1_308' title='bbox 730 3213 831 3274; x_wconf 88' lang='lat' dir='ltr'><strong>rubeta</strong></span> <span class='ocrx_word' id='word_1_309' title='bbox 847 3213 1011 3289; x_wconf 86' lang='lat' dir='ltr'><strong>adalligata.</strong></span> 
     </span>
     <span class='ocr_line' id='line_1_37' title="bbox 176 3294 1153 3375; baseline 0.005 -21"><span class='ocrx_word' id='word_1_310' title='bbox 176 3294 261 3375; x_wconf 84' lang='lat'>(51.)</span> <span class='ocrx_word' id='word_1_311' title='bbox 282 3294 429 3374; x_wconf 86' lang='lat' dir='ltr'><strong>Equorum</strong></span> <span class='ocrx_word' id='word_1_312' title='bbox 446 3295 573 3356; x_wconf 90' lang='lat' dir='ltr'><strong>scabiem</strong></span> <span class='ocrx_word' id='word_1_313' title='bbox 593 3315 680 3358; x_wconf 90' lang='lat' dir='ltr'><strong>ranae</strong></span> <span class='ocrx_word' id='word_1_314' title='bbox 699 3297 840 3358; x_wconf 86' lang='lat' dir='ltr'><strong>decoctae</strong></span> <span class='ocrx_word' id='word_1_315' title='bbox 861 3297 890 3355; x_wconf 92' lang='lat' dir='ltr'><strong>in</strong></span> <span class='ocrx_word' id='word_1_316' title='bbox 911 3315 985 3375; x_wconf 88' lang='lat' dir='ltr'><strong>aqua</strong></span> <span class='ocrx_word' id='word_1_317' title='bbox 1007 3305 1153 3358; x_wconf 71' lang='lat' dir='ltr'><strong>estoldo</strong></span> 
     </span>
     <span class='ocr_line' id='line_1_38' title="bbox 111 3377 1107 3459; baseline 0.003 -23"><span class='ocrx_word' id='word_1_318' title='bbox 111 3377 311 3454; x_wconf 86' lang='lat' dir='ltr'><strong>nuant‚doneo</strong></span> <span class='ocrx_word' id='word_1_319' title='bbox 323 3378 403 3438; x_wconf 90' lang='lat' dir='ltr'><strong>inlini</strong></span> <span class='ocrx_word' id='word_1_320' title='bbox 417 3379 538 3456; x_wconf 82' lang='lat' dir='ltr'><strong>possint.</strong></span> <span class='ocrx_word' id='word_1_321' title='bbox 554 3381 632 3439; x_wconf 89' lang='lat' dir='ltr'><strong>aiunt</strong></span> <span class='ocrx_word' id='word_1_322' title='bbox 640 3383 679 3440; x_wconf 91' lang='lat' dir='ltr'><strong>ita</strong></span> <span class='ocrx_word' id='word_1_323' title='bbox 689 3389 805 3441; x_wconf 89' lang='lat' dir='ltr'><strong>curatos</strong></span> <span class='ocrx_word' id='word_1_324' title='bbox 817 3397 874 3440; x_wconf 92' lang='lat' dir='ltr'><strong>non</strong></span> <span class='ocrx_word' id='word_1_325' title='bbox 887 3381 982 3459; x_wconf 89' lang='lat' dir='ltr'><strong>repeti</strong></span> <span class='ocrx_word' id='word_1_326' title='bbox 993 3388 1107 3458; x_wconf 87' lang='lat' dir='ltr'><strong>postea.</strong></span> 
     </span>
     <span class='ocr_line' id='line_1_39' title="bbox 111 3461 1167 3545; baseline -0.006 -24"><span class='ocrx_word' id='word_1_327' title='bbox 111 3461 200 3538; x_wconf 85' lang='lat' dir='ltr'><strong>Salpe</strong></span> <span class='ocrx_word' id='word_1_328' title='bbox 213 3473 299 3539; x_wconf 89' lang='lat' dir='ltr'><strong>negat</strong></span> <span class='ocrx_word' id='word_1_329' title='bbox 314 3480 402 3524; x_wconf 90' lang='lat' dir='ltr'><strong>canes</strong></span> <span class='ocrx_word' id='word_1_330' title='bbox 418 3462 524 3529; x_wconf 85' lang='lat' dir='ltr'><strong>latrare</strong></span> <span class='ocrx_word' id='word_1_331' title='bbox 541 3462 643 3541; x_wconf 85' lang='lat' dir='ltr'><strong>quibus</strong></span> <span class='ocrx_word' id='word_1_332' title='bbox 657 3465 686 3523; x_wconf 88' lang='lat' dir='ltr'><strong>in</strong></span> <span class='ocrx_word' id='word_1_333' title='bbox 702 3464 759 3524; x_wconf 87' lang='lat' dir='ltr'><strong>clia</strong></span> <span class='ocrx_word' id='word_1_334' title='bbox 775 3482 847 3525; x_wconf 87' lang='lat' dir='ltr'><strong>rana</strong></span> <span class='ocrx_word' id='word_1_335' title='bbox 861 3465 933 3522; x_wconf 83' lang='lat' dir='ltr'><strong>viva</strong></span> <span class='ocrx_word' id='word_1_336' title='bbox 944 3463 1018 3519; x_wconf 72' lang='lat' dir='ltr'><strong>data</strong></span> <span class='ocrx_word' id='word_1_337' title='bbox 1028 3464 1084 3516; x_wconf 69' lang='lat' dir='ltr'><strong>s&#39;o.</strong></span> <span class='ocrx_word' id='word_1_338' title='bbox 1165 3540 1167 3545; x_wconf 23' lang='grc' dir='ltr'>Ι</span> 
     </span>
    </p>
   </div>
   <div class='ocr_carea' id='block_1_3' title="bbox 0 0 1204 3840">
    <p class='ocr_par' dir='ltr' id='par_1_3' title="bbox 0 0 1204 3840">
     <span class='ocr_line' id='line_1_40' title="bbox 0 0 1204 3840; baseline 0 1"><span class='ocrx_word' id='word_1_339' title='bbox 0 0 1204 3840; x_wconf 95' lang='lat' dir='ltr'><strong> </strong></span> 
     </span>
    </p>
   </div>
  </div>
 </body>
</html>
