2400 3840
330 204 408 254 unu.
426 205 514 253 ursr.
532 207 629 254 xxm.
645 203 669 254 7.
687 193 838 272 (oe-71.)
1044 197 1084 254 27

88 357 186 418 molet.
218 357 288 417 lolia
315 359 403 439 [eius]
425 362 492 419 trita
518 360 599 420 inlita
626 359 873 437 haemorrhagian
894 362 1006 420 sistunt.
1037 370 1101 421 nu·'

87 441 145 502 clei
171 443 354 520 persicorum
379 461 442 503 oum
472 444 540 505 oleo
569 452 599 504 et
624 452 709 505 aceto
732 445 835 522 capitis
856 443 1006 503 doloribus
1022 444 1085 514 inli-

89 532 202 585 nontur.

150 607 228 688 (68.)
259 610 441 670 silvestrium
457 611 573 689 quidem
584 629 740 690 prunorum
752 611 858 688 hucac,
875 610 923 670 vel
939 610 1065 672 eradico
1077 622 1128 676 133

66 700 209 769 scortex,
232 695 262 752 ln
285 694 353 753 vino
374 703 492 754 austero
509 697 533 754 si
555 694 753 773 decoquantur
773 697 814 755 ita
830 704 859 756 ut
877 696 966 755 triens
983 712 1022 754 ex
1035 693 1085 755 he-

88 778 162 835 mina
181 779 326 854 supersit,
344 776 440 837 alvom
453 780 558 838 sistunt
580 787 609 838 et
628 782 758 839 tormina.
790 781 860 841 satis
884 787 929 838 est
952 778 1084 854 singulos

89 859 210 936 cyathos
226 859 340 921 decocti
356 863 436 921 sumi.

151 943 232 1022 (69.)
261 942 299 1002 Et
314 945 343 1003 in
356 944 401 1004 his
416 954 446 1005 et
461 947 560 1006 sativis
577 949 675 1024 prunis
694 956 740 1007 est
754 947 837 1007 limus
850 948 984 1007 arborum
1000 963 1085 1023 quem

90 1025 192 1087 Graeci
219 1026 331 1088 lichena
357 1029 522 1106 appellant,
549 1029 693 1107 rhagadiis
721 1039 750 1090 et
778 1029 988 1106 condylomatis
1012 1030 1083 1088 mire

56 1110 175 1171 inutilis.

151 1194 234 1273 (70.)
266 1193 348 1254 hlora
368 1197 397 1254 in
413 1195 551 1275 Aegypto
567 1206 597 1257 et
618 1196 716 1276 Cypro
732 1200 775 1258 sui
790 1199 927 1276 generis,
950 1205 980 1255 ut
995 1195 1128 1260 dini-134

88 1297 166 1355 mus,
184 1277 266 1354 largo
282 1296 351 1339 suco
365 1279 508 1340 abundant
525 1298 634 1341 summo
647 1284 757 1342 cortice
772 1282 976 1359 desquamato,
1006 1278 1045 1338 el·
1057 1277 1117 1362 ¹¹⁸ld⁰

90 1364 149 1421 tior
169 1362 253 1440 plaga
276 1364 352 1422 sicca
375 1371 420 1423 est
443 1363 565 1423 mirabili
582 1373 688 1424 natura.
716 1383 801 1424 sucus
818 1365 1086 1423 adversaturvene-

90 1447 136 1504 nis
151 1447 348 1524 serpentium,
371 1449 491 1525 prodest
506 1447 709 1524 dysintericis,
735 1447 851 1507 discutit
873 1462 963 1524 panos
981 1446 1085 1504 omnis·

58 1544 148 1607 acque
166 1529 375 1606 collectiones,
391 1530 512 1590 volnera
527 1531 723 1609 conglutinat,
738 1532 841 1608 capitis
855 1529 974 1589 dolores
992 1526 1084 1604 sedat,

91 1615 160 1672 item
175 1614 291 1672 aurium.
317 1613 455 1692 splenicis
468 1615 577 1674 bibitur
589 1623 674 1693 atque
690 1615 818 1674 inlinitur
830 1622 859 1674 et
871 1621 972 1672 contra
981 1611 1084 1690 periri·

91 1698 212 1758 ctiones.
246 1695 398 1758 celerrime
413 1697 573 1758 teredinem
597 1701 694 1759 sentit.
721 1717 815 1776 neque
833 1698 907 1776 apud
925 1713 979 1756 nos
994 1707 1126 1760 su00135

90 1781 183 1840 minor
206 1798 283 1839 usus.
325 1781 496 1841 adversatur
517 1784 632 1842 aconito
656 1792 685 1843 et
709 1785 822 1842 araneis
847 1783 876 1841 in
899 1782 965 1839 vino
987 1787 1082 1857 potus.

91 1863 187 1923 alvom
210 1862 318 1939 solvit,
345 1866 461 1942 pituitas
482 1867 650 1943 taeniasque
665 1875 695 1926 et
710 1865 813 1926 similia
831 1865 939 1924 ventris
954 1860 1084 1921 animalia

55 1959 82 2000 ao
92 1945 226 2007 extrahit.
256 1947 311 2007 hoc
326 1946 400 2006 idem
422 1956 551 2025 praestat
572 1958 601 2008 et
623 1957 727 2009 cortex
753 1951 846 2007 tritus.
881 1946 951 2006 lolia
972 1947 1084 2022 tingunt

91 2029 225 2106 capillum
241 2048 304 2089 cum
320 2030 365 2089 sici
379 2033 478 2108 nigrae
494 2039 524 2090 et
543 2033 610 2091 vitis
630 2032 788 2092 corticibus
801 2031 884 2089 simul
905 2030 997 2089 coctis
1012 2045 1084 2105 aqua

91 2111 221 2173 caelesti.
252 2115 330 2191 pomi
345 2115 436 2192 ipsius
454 2132 539 2174 sucus
554 2115 648 2176 alvom
666 2116 754 2176 solvit
769 2115 909 2192 protinus.
925 2113 989 2190 ipsa
1000 2126 1084 2188 poma

91 2195 126 2255 ad
142 2214 282 2274 praesens
296 2197 444 2258 stomacho
459 2197 540 2259 utilia
553 2201 747 2276 refrigerant,
763 2200 839 2258 sitim
854 2197 969 2256 faciunt.
986 2195 1010 2253 si
1026 2211 1083 2253 non

92 2282 280 2358 superveniat
300 2280 372 2340 alius
394 2283 494 2359 cibus,
516 2285 715 2343 intumescunt.
751 2300 789 2342 ex
818 2281 965 2341 inmaturis
998 2296 1082 2338 sucus

55 2364 168 2423 assistit
185 2363 279 2424 alvom
285 2409 294 2442 ,
310 2364 399 2424 veluti
414 2366 542 2426 animalis
558 2367 678 2427 alicuius
692 2369 720 2426 in
736 2365 789 2425 hac
804 2365 910 2426 arbore
927 2362 1085 2423 observan-

91 2447 135 2507 dis
151 2448 295 2507 miracolis
310 2465 383 2527 quae
400 2451 429 2508 in
443 2456 543 2511 natura
558 2453 620 2510 eius
636 2450 765 2510 diximus.
1043 2463 1071 2501 ¹⁸2
1085 2460 1124 2500 ¹⁸².

154 2531 235 2610 (71.)
263 2531 310 2591 Fit
325 2550 363 2591 ex
380 2549 467 2611 pomo
482 2533 673 2611 panchrestos
689 2534 857 2605 stomatice,
873 2528 973 2589 eedem
989 2535 1126 2588 arte-136

91 2616 169 2675 riace
182 2615 349 2693 appellate,
375 2615 431 2676 hoc
450 2614 550 2675 modo:
571 2617 692 2676 sextarii
713 2624 774 2674 tres
796 2615 857 2673 suci
878 2631 895 2670 e
915 2628 1000 2689 pomo
1024 2609 1082 2670 leni

91 2715 201 2776 vapore
217 2699 251 2757 ad
265 2699 484 2759 crassitudinem
495 2698 589 2759 mellis
604 2699 782 2774 rediguntur.
812 2703 880 2774 post
898 2695 1009 2755 additur
1026 2710 1083 2752 om·

56 2781 174 2860 sophaci
196 2781 266 2840 aridi
290 2783 401 2860 pondus
422 2780 450 2841 X
469 2796 496 2842 11
516 2791 564 2842 aut
584 2800 697 2843 murrae
712 2779 740 2840 X
755 2794 784 2857 1,
808 2781 887 2840 croci
912 2776 940 2837 X
958 2792 980 2838 1.
1012 2776 1084 2836 haec

91 2864 176 2925 simul
192 2867 259 2924 trita
275 2867 432 2926 miscentur
449 2865 583 2943 decocto,
596 2883 691 2946 neque
709 2874 755 2925 est
770 2863 846 2924 aliud
861 2865 932 2940 oris,
948 2863 1084 2937 arteriae,

91 2965 183 3025 uvae,
198 2947 338 3009 stomachi
353 2949 500 3010 iucundius
521 2950 687 3011 remedium.
724 2950 755 3008 iit
778 2958 811 3008 ct
830 2947 888 3006 alio
904 2945 1007 3006 modo:
1023 2944 1084 3004 suci

92 3033 212 3092 sextarii
232 3031 305 3110 duo,
323 3031 417 3093 mellis
432 3033 522 3094 Attici
539 3035 682 3094 sextarius
704 3032 881 3093 decocuntur
896 3039 926 3089 ut
943 3048 1029 3109 supra
1044 3028 1084 3087 di·

91 3119 192 3197 ximus,
218 3118 288 3177 mira
306 3125 373 3176 sunt
387 3125 541 3195 praeterea
557 3136 629 3196 quae
647 3117 822 3196 produntur:
839 3116 909 3174 mira
922 3114 1063 3192 germine·
1076 3119 1124 3174 131

57 3212 83 3254 ³⁶
93 3202 190 3279 tione,
205 3203 371 3280 priusquam
385 3201 455 3260 lolia
471 3210 594 3278 exeant,
608 3203 725 3260 sinistra
740 3200 859 3277 decerpi
874 3200 967 3259 lutura
990 3210 1082 3273 poma.

92 3287 201 3346 ricinos
218 3284 321 3345 Graeci
338 3291 450 3344 vocant.
480 3283 507 3343 hi
526 3293 632 3345 terram
647 3286 672 3344 si
686 3300 745 3343 non
758 3285 901 3359 attigere,
917 3279 1083 3355 sanguinem

93 3371 200 3428 sistunt
215 3369 378 3446 adalligati,
399 3369 463 3429 sive
485 3386 523 3427 ex
542 3368 664 3428 volnere
683 3366 751 3426 lluat
774 3368 836 3425 sive
853 3382 904 3423 ore
926 3364 990 3423 sive
1011 3361 1084 3419 nari-

93 3451 148 3512 hus
171 3453 235 3513 sive
257 3452 507 3530 haemorrhoidis,
527 3451 562 3512 ad
582 3451 638 3512 hoc
657 3457 810 3511 servantur
826 3447 965 3526 repositi.
987 3445 1142 3504 idem
