2400 3840
299 196 596 246 1111111111.
614 197 656 248 11.
672 195 715 248 ia.
736 191 881 259 (oo-7⁵.)
1021 186 1077 248 121

89 368 217 432 panaces
235 350 308 412 adeo
325 351 534 413 excalfactoria
545 361 644 412 natura
660 360 690 410 ut
706 369 759 430 per
771 353 864 412 nivem
881 351 964 412 ituris
978 351 1080 412 bibere

88 436 118 496 id
133 436 333 514 perunguique
356 452 393 494 eo
413 436 603 515 praecipiant.
632 443 662 494 et
679 435 865 495 aristolochia
887 436 1081 513 perfrictioni-

88 520 142 579 bus
157 519 276 579 resistit.

151 601 235 682 (72.)
257 601 447 662 Phreneticos
462 618 579 662 somnus
594 610 691 678 sanat,
713 603 761 680 qui
783 602 930 678 continget
954 619 1061 681 peuce·
1073 614 1126 668 118

63 686 164 752 adano
189 703 227 744 ex
250 694 336 744 aceto
357 687 445 764 capiti
464 686 576 760 inluso,
604 684 795 762 anagallidum
817 702 897 744 1111.
927 685 1082 747 ediverso

88 768 268 845 lethargicos
292 770 422 829 excitare
451 768 607 844 laborest,
629 767 687 828 hoc
710 776 859 847 praestant
875 766 1082 847 Euphorbeum

89 871 129 912 ex
149 861 234 911 aceto
253 850 371 911 naribus
391 853 492 927 tactis,
517 850 679 930 peucedani
701 867 796 912 sucus.
828 849 935 912 Contra
956 853 1082 912 insanias

87 935 242 995 Vettonica
261 933 382 1013 bibitur,
402 935 594 995 carbunculos
614 936 720 1014 rumpit
739 952 884 1014 panaces,
913 944 995 995 sanat
1012 934 1081 995 Vet-

88 1019 205 1079 tonicae
229 1018 320 1078 1111111
351 1036 389 1078 ex
409 1036 482 1098 aqua
511 1028 559 1078 aot
584 1017 715 1079 brassica
740 1036 803 1078 oum
830 1027 908 1096 ture,
938 1019 1083 1098 frequenti

52 1110 160 1181 10potu
183 1101 308 1176 calidae,
328 1101 377 1161 vei
400 1101 562 1162 ecarbcne
584 1103 612 1161 in
636 1109 798 1181 conspectu
816 1103 955 1163 restincto
983 1102 1082 1163 iarilia
1118 1108 1122 1119 '

88 1187 180 1263 digito
198 1185 310 1244 sublata
326 1193 355 1244 11
370 1184 461 1261 inlita,
476 1185 526 1245 uel
542 1185 680 1263 plantago
697 1194 790 1244 tunsa.

152 1267 236 1346 (73.)
260 1267 436 1343 'lithymalns
453 1268 614 1329 characites
629 1267 807 1346 hydropicos
819 1276 911 1343 sanat,
928 1285 1064 1346 panaces,
1074 1278 1128 1336 119

88 1351 227 1431 plantago
234 1352 263 1410 iu
276 1351 354 1427 cibo,
371 1369 434 1410 cum
442 1353 521 1429 prius
532 1368 636 1429 panem
649 1352 758 1410 siccum
770 1350 949 1411 comederint
962 1353 1083 1430 siuepo·

89 1445 130 1508 tn,
143 1434 297 1494 Vettonica
310 1434 453 1495 drachmis
462 1433 607 1495 duabusin
616 1434 728 1493 duobos
741 1435 852 1509 cyathis
858 1435 918 1493 vini
926 1443 973 1494 ant
986 1433 1082 1511 mulsi,

54 1518 137 1584 torel
157 1520 303 1595 agaricum
322 1518 371 1578 vel
393 1535 491 1579 semen
506 1517 672 1577 lonchitidis
691 1517 801 1577 duabus
816 1517 933 1594 lingulis
953 1535 990 1576 ex
1010 1535 1083 1596 aqua

88 1611 200 1680 potum,
217 1601 344 1680 psyllion
362 1619 399 1660 ex
417 1603 494 1678 vino,
509 1600 702 1678 anagallidum
717 1618 821 1678 socos,
837 1600 1018 1676 cotyledonis
1037 1619 1082 1661 ra·

89 1686 138 1746 dix
154 1704 171 1744 1
186 1685 289 1760 mulso,
304 1684 381 1744 ebuli
393 1687 519 1745 recentis
533 1683 616 1744 radix
629 1702 754 1745 excussa
766 1694 873 1745 tantum
887 1702 943 1745 neo
954 1684 1083 1764 conluta,

90 1769 167 1847 quod
183 1769 239 1829 duo
252 1768 331 1845 digiti
346 1767 598 1847 conprehendant,
617 1786 656 1829 ex
671 1770 730 1828 uini
744 1771 854 1829 veteris
870 1768 945 1829 caldi
960 1768 1082 1844 hemina,

89 1852 179 1911 triioii
194 1852 276 1911 radix
293 1851 436 1912 drachmis
451 1851 561 1913 duabus
575 1869 613 1911 ex
626 1851 711 1926 vino,
728 1852 903 1927 tithymaiom
920 1851 1083 1930 platyphyl-

54 1953 80 1995 11
92 1935 141 1995 111
173 1936 361 2012 cognomine,
399 1952 497 1994 semen
524 1934 658 2013 hyperici
685 1935 762 2012 quod
789 1951 873 1994 caros
908 1933 1082 2012 appellator.

90 2027 170 2093 acte,
186 2036 269 2096 qnam
288 2036 356 2078 1111
373 2017 488 2079 ebulum
503 2027 602 2097 putant
622 2018 750 2096 quidam,
773 2017 872 2078 radice
893 2018 1015 2077 contrita
1034 2019 1063 2077 in
1075 2028 1129 2082 lio

88 2102 147 2161 vini
163 2102 273 2176 cyathis
289 2100 390 2176 tribus,
411 2101 435 2161 si
450 2101 542 2160 lebris
562 2101 646 2176 absit,
663 2101 711 2160 vel
726 2101 835 2160 semine
851 2118 889 2160 ex
903 2102 970 2159 vino
986 2102 1082 2177 nigro,

89 2186 157 2244 item
179 2184 345 2245 verbenaca
367 2185 508 2245 iascicnlo
524 2202 624 2246 manus
644 2184 749 2266 plenae
764 2185 793 2243 in
814 2198 888 2263 aqua
904 2183 1028 2244 decocta
1046 2184 1082 2244 ad

90 2268 228 2329 dimidias.
254 2271 411 2348 praecipue
426 2277 520 2328 tannen
532 2268 733 2329 chamaeactes
745 2286 832 2328 sucus
844 2268 1007 2346 aptissimus
1020 2285 1083 2328 cre·

56 2351 174 2414 roditur.
191 2352 367 2429 Eruptiones
375 2353 494 2431 pituitae
508 2351 659 2412 emendant
674 2352 822 2430 plantago,
837 2350 988 2425 cyclamini
1002 2351 1086 2411 radix

90 2435 218 2509 emelia,
233 2434 309 2495 eboli
318 2434 388 2494 lolia
404 2437 471 2495 trita
483 2444 610 2494 avetare
622 2436 690 2493 vino
702 2437 827 2515 inposita
840 2436 925 2493 etism
939 2433 1023 2493 boam
1039 2451 1083 2493 sa·

89 2527 167 2592 nant,
180 2518 209 2576 id
221 2527 265 2577 est
273 2517 541 2595 rubentispapulas,
555 2518 732 2594 pruriginem
744 2534 831 2576 sucus
838 2516 967 2590 strychni
976 2516 1083 2576 inlitus.

153 2601 238 2679 (74.)
260 2598 323 2675 igni
345 2615 432 2659 sacro
448 2598 597 2658 medentur
616 2600 741 2676 ainourn,
769 2598 840 2659 lolia
860 2599 925 2658 trita
941 2600 1126 2674 cicutae,121

90 2682 298 2760 mandragorae
313 2681 405 2760 radix,
419 2690 589 2742 -secatur
602 2685 630 2741 in
644 2690 771 2742 essesut
789 2682 930 2757 cucumis,
952 2682 1084 2760 primum·

55 2788 82 2830 11
92 2785 148 2846 que
164 2784 253 2844 super
267 2774 389 2826 mustum
405 2765 602 2846 suspenditur,
625 2781 694 2826 mox
709 2767 736 2826 in
755 2766 849 2842 inmo,
873 2765 939 2825 dein
960 2765 1084 2826 tunditur

92 2868 109 2910 1
125 2851 190 2911 vino
206 2859 253 2910 aut
268 2859 362 2911 11111.
397 2849 518 2930 prodest
530 2857 560 2910 et
574 2851 641 2910 vino
658 2859 769 2925 myrteo
785 2849 898 2926 lovere,
909 2881 952 2896 —-
972 2857 1085 2909 mentae

92 2944 219 3010 sextans,
236 2935 293 2994 vivi
311 2935 437 3013 sulpuris
458 2937 557 3011 uncia,
579 2951 616 2994 ex
639 2944 723 2994 aceto
739 2933 822 2994 simul
838 2936 919 3010 trita,
939 2934 1032 3011 fuligo
1048 2951 1085 2993 ex

92 3027 185 3078 aceto.
213 3017 291 3095 ignis
308 3019 383 3079 sacri
403 3018 486 3097 plura
503 3027 568 3078 sunt
580 3036 702 3095 genera,
717 3021 793 3078 inter
807 3035 882 3095 qnae
897 3017 1019 3077 medium
1033 3015 1085 3076 ho·

92 3104 194 3162 minem
214 3102 344 3162 ambiens
364 3104 412 3181 qui
429 3110 527 3162 noster
543 3111 664 3162 vocatur
694 3111 816 3178 enecat,
843 3102 868 3160 si
891 3102 989 3175 cinxit.
1025 3117 1084 3158 me·

56 3184 176 3245 11111111
191 3186 328 3264 plantago
345 3204 408 3246 cum
423 3193 502 3246 oreta
518 3182 638 3245 cimolia
658 3193 687 3244 11
703 3187 883 3264 peristereos
899 3200 953 3263 per
967 3200 1016 3257 se,
1039 3198 1084 3242 ra·

93 3268 141 3328 dix
162 3270 357 3349 persollatae,
384 3267 448 3329 aliis
477 3285 552 3346 quae
572 3277 692 3348 serpunt
711 3266 894 3343 cotyledonis
912 3267 995 3326 radix
1021 3283 1084 3326 cum

92 3351 196 3426 mulso,
214 3355 334 3427 aincom,
354 3369 440 3412 sucos
456 3369 473 3412 e
485 3352 619 3411 linozosti
632 3368 670 3413 ex
684 3359 779 3412 aceto.

155 3435 204 3497 12.
229 3436 312 3516 (75.)
335 3435 428 3496 Radix
444 3434 585 3514 polypodi
600 3434 680 3496 inlita
697 3434 803 3495 luxatis
816 3431 953 3492 medetur
965 3475 979 3505 ,
990 3430 1152 3487 doxa-xus.
