2400 3840
130 164 172 225 72
444 178 476 226 c.
496 179 593 226 rum
612 179 763 228 succum

88 351 160 394 m
173 347 225 390 ean
240 331 411 410 adoptandi,
425 342 456 392 ut
471 332 640 392 docebimus
655 334 765 394 lenisse
790 351 889 411 reget
916 340 993 392 tanta
1012 350 1062 391 res
1077 333 1119 391 ri·

129 411 252 474 debatur
267 413 386 474 herbam
398 417 543 489 invenire,
555 417 643 475 rita·
656 417 768 493 iurare,
778 435 854 476 unc
866 417 1000 476 lortaaeia
1015 415 1118 494 aliquia

129 513 226 556 cunm
244 497 318 559 hauc
330 507 459 558 nostram
471 499 606 558 frivolam
619 517 738 577 quoque
750 501 969 575 existimatu-ie,
984 497 1058 558 adeo
1069 498 1118 559 de·

130 579 207 640 liciis
221 581 343 641 sordent
357 585 445 641 etia·
460 601 536 660 quae
550 582 586 641 ad
600 582 723 641 salute·
736 585 894 660 pertineat
925 589 1061 642 ueteres
1078 589 1118 640 ta·

129 680 196 723 men
212 682 330 742 quarum
346 668 532 724 inveniuntur
547 667 577 724 in
596 667 696 743 prinis
711 665 856 725 celebrari
868 683 922 744 par
941 673 989 724 est
1008 664 1137 727 ellectut

86 757 226 811 idearum
240 748 358 824 digesto
375 750 404 806 in
417 766 531 825 genera
546 749 721 808 norborn.
751 766 807 826 qua
827 748 944 826 quiden
958 750 987 806 iu
1004 756 1119 826 reputa·

129 832 210 890 tione
225 833 360 891 misereri
379 833 470 891 sortis
485 831 625 891 nunnae
639 832 735 908 subit,
749 841 870 910 praeter
888 833 1008 891 fortuita
1021 849 1118 890 casus·

130 930 188 991 qne
203 922 235 973 et
256 931 331 991 quae
356 931 432 974 uora
453 917 546 974 omnis
565 915 639 976 hora
657 919 826 992 excogitat,
853 914 930 974 milia
952 913 1119 973 morborun

130 996 253 1073 singulis
267 997 429 1056 monalium
445 997 577 1057 ducenda
594 1001 643 1075 qui
652 1001 817 1074 gravissimi
832 1016 871 1058 ex
880 997 927 1056 his
939 999 998 1057 tint
1010 997 1118 1056 discer-

130 1097 201 1138 nere
219 1079 359 1140 stultitiae
373 1098 468 1159 prope
481 1081 574 1140 rideri
584 1085 689 1159 possit,
706 1100 770 1141 cum
866 1084 972 1159 cuique
987 1080 1023 1139 ad
1035 1098 1118 1158 prae·
1127 1093 1153 1134 m

130 1179 199 1221 rena
215 1164 338 1242 quisque
354 1166 553 1223 atrocissimus
568 1165 710 1240 videatur,
727 1173 760 1224 et
772 1166 830 1225 hoe
843 1173 937 1224 tamen
953 1163 1117 1224 iudicavere

129 1247 194 1305 aevi
213 1248 425 1325 experimenta,
440 1248 592 1325 asperrimi
608 1250 752 1308 cruciatus
767 1267 836 1308 esse
847 1247 1023 1307 calculorum
1036 1264 1054 1306 a
1068 1248 1118 1306 sti·

129 1328 228 1388 lleidio
243 1330 378 1407 vesicae,
393 1349 562 1411 proxumum
573 1331 730 1406 sto-aelli,
752 1334 869 1391 tertium
882 1347 983 1391 eorum
997 1348 1073 1408 quae
1088 1331 1118 1388 in

86 1414 228 1490 ticapite
240 1413 370 1490 doleant,
384 1433 442 1475 nou
460 1415 498 1476 ob
515 1415 591 1474 alios
605 1415 671 1475 lere
686 1423 782 1474 morte
795 1414 934 1474 conscita
955 1412 982 1472 Δ
998 1411 1117 1472 Graecis

129 1505 160 1555 et
175 1499 277 1556 noxias
292 1496 398 1557 herbae
413 1499 626 1558 demonstratas
639 1500 730 1557 miror
745 1497 894 1575 equidem,
915 1514 971 1556 nec
988 1513 1117 1557 veneno·
1127 1518 1153 1558 rs

128 1596 190 1637 rum
208 1589 333 1655 tantum,
350 1584 484 1658 quoniam
500 1599 536 1640 ea
551 1584 629 1641 ritae
643 1581 773 1641 conditio
790 1589 839 1640 est
852 1588 885 1637 ut
899 1581 974 1640 mori
993 1579 1118 1658 plerum,

129 1664 799 1824 tlctdtqttllltlllxlzglllt
813 1662 972 1806 dm
984 1662 1117 1824 {⁰3ss

127 1835 259 1886 coactum
273 1845 389 1888 veneno
413 1846 497 1889 crura
517 1832 691 1906 perunxisse
712 1839 744 1890 et
763 1839 868 1909 postea
884 1832 1013 1888 caruisse
1027 1846 1117 1888 sensu

69 1920 120 1986 >25
130 1911 205 1969 omni
221 1927 314 1989 aequo
329 1928 413 1990 quam
426 1911 530 1972 dolore
547 1914 577 1972 in
591 1932 625 1972 ea
641 1922 726 1991 parte
742 1915 885 1992 eorporis.
907 1912 960 1972 sed
971 1929 1046 1990 quae
1062 1913 1155 1973 luiteo

127 1995 213 2052 venia
229 1995 405 2055 monstrandi
425 2013 480 2073 pua
493 2005 607 2056 mentes
630 1996 835 2072 solverentur,
855 2003 954 2073 partus
973 1995 1117 2056 elideren-

128 2085 189 2152 tur,
205 2077 351 2157 multaque
367 2077 492 2138 similia?
519 2097 578 2156 ego
598 2099 652 2139 nec
671 2081 805 2140 abortiva
823 2079 889 2138 dico
906 2097 941 2138 ac
955 2098 992 2138 ue
1010 2087 1117 2138 amato·

128 2161 170 2218 ria
186 2159 311 2237 quidem,
327 2179 437 2222 memor
451 2161 598 2221 Lucullum
613 2165 818 2241 imperatorem
838 2162 1025 2222 clarissimum
1042 2179 1116 2221 ama·

127 2244 205 2301 torio
221 2245 353 2321 perisse,
384 2262 439 2304 nec
459 2244 515 2304 alia
534 2248 644 2322 magica
661 2255 819 2323 portenta,
843 2247 899 2304 nisi
920 2245 969 2304 ulti
987 2245 1116 2305 cavenda

128 2332 194 2383 suut
211 2333 259 2383 aut
282 2326 481 2403 coarguenda,
504 2330 534 2386 in
555 2331 655 2406 primis
675 2330 731 2390 lide
751 2346 851 2390 eorum
874 2328 1011 2388 damnata.
1045 2331 1154 2387 satisne

126 2425 237 2526 pperae
255 2409 344 2549 ruperit
357 2409 528 2553 abnpgeque
554 2420 732 2489 praestatum
753 2414 832 2473 ritae
855 2411 990 2471 salutaris
1005 2411 1116 2471 dixisse

168 2509 202 2551 ac
217 2507 271 2570 poa
286 2510 320 2552 ea
335 2510 422 2553 rnvcn
453 2513 476 2552 s.

84 2586 120 2641 26
180 2576 209 2634 4.
238 2575 298 2653 (8.)
329 2573 495 2637 Clarissima
509 2576 663 2639 herbarum
676 2587 724 2638 cst
737 2578 865 2637 llomcro
880 2585 957 2637 teste
969 2595 1054 2655 quam
1065 2596 1117 2637 vo·

125 2661 184 2719 cari
208 2677 223 2718 a
239 2659 283 2718 dis
302 2667 383 2737 putat
396 2659 475 2737 moly
491 2669 523 2721 et
536 2663 733 2722 inventionem
745 2663 808 2720 eius
820 2657 967 2720 llercurio
983 2660 1116 2737 adsignat

126 2749 285 2818 contraque
302 2761 408 2803 summa
422 2745 564 2805 veneficia
579 2745 861 2805 demonstrationem.
889 2745 968 2802 nasci
985 2761 1050 2804 eam
1064 2744 1153 2803 no-sc

126 2822 174 2882 die
198 2826 272 2883 circa
292 2823 439 2885 Pheneum
461 2834 492 2886 et
514 2829 544 2886 in
571 2825 693 2905 Cyllene
714 2826 857 2886 Arcadiae
879 2825 993 2885 trudunt
1016 2828 1117 2904 specie

125 2904 174 2964 illa
190 2904 357 2984 Homerica,
375 2909 472 2968 radice
486 2910 608 2969 rotunda
630 2912 786 2987 nigraque,
798 2907 995 2985 magnitudine
1011 2927 1116 2988 cepae,

83 2995 116 3052 at
129 2987 201 3047 lolio
219 2989 331 3067 scillae,
348 2991 435 3051 ellodi
451 2991 518 3052 haut
538 2993 700 3053 difficulter.
735 2990 838 3052 Gracci
860 2999 995 3051 auctores
1013 2991 1116 3052 dorem

127 3071 191 3130 clus
206 3070 315 3131 luteum
329 3076 463 3151 pinxere,
478 3094 541 3134 cum
554 3074 697 3136 llomerus
714 3073 862 3134 candidum
877 3075 1038 3151 scripserit.
1073 3076 1114 3134 iu-

125 3155 192 3214 veni
219 3174 236 3214 e
257 3158 359 3233 peritis
381 3156 536 3217 herbarum
554 3158 674 3219 medicis
696 3160 745 3236 qui
762 3166 792 3217 et
807 3160 842 3216 ‘in
854 3155 940 3216 ltalia
956 3159 1035 3218 nasci
1053 3175 1150 3220 eumen

126 3237 249 3314 diceret,
267 3239 433 3318 adferrique
448 3258 466 3298 e
482 3238 636 3320 Campania
651 3243 765 3302 memini
782 3240 894 3320 aliquot
904 3239 1012 3302 diebus
1029 3240 1116 3302 ellos·

127 3338 186 3380 sam
206 3323 283 3380 iuter
300 3320 484 3381 difficultates
503 3341 606 3384 saxeas
622 3325 726 3384 radicis
743 3320 934 3402 XXXpedee
953 3322 1061 3402 longae
1083 3342 1116 3382 ac

126 3420 162 3462 ne
181 3403 350 3482 sicquidem
366 3403 488 3481 solidae,
504 3406 558 3467 sed
572 3406 711 3485 abruptae
