2400 3840
307 211 387 259 nsr.
402 208 493 257 nrsr.
509 207 621 256 xxvn.
636 204 663 260 9.
678 207 720 260 ro.
737 193 883 274 (te—59.)
1038 193 1096 259 143

102 368 230 444 densior,
248 367 326 428 loliis
338 365 374 426 ad
388 364 515 426 radicem
528 366 727 427 canaliculato.
748 367 896 445 utriusque
909 367 1008 428 radice
1025 384 1094 429 sues
1104 377 1141 434 79

100 456 308 533 pinguescunt,
331 448 401 511 lolia
420 451 568 529 utriusque
584 450 723 510 lateribus
742 451 873 528 pinnata,
896 451 970 512 uude
992 467 1097 511 nomeu

100 536 205 598 Graeci
221 537 386 613 inposuere.
419 534 534 594 radices
553 537 699 613 utriusque
722 533 830 610 longae
845 534 874 592 iu
892 535 1034 610 oblicum,
1054 535 1096 594 ni·

57 646 61 654 ·
100 637 183 699 grae,
203 619 361 698 praecipue
378 635 442 677 cum
459 618 602 678 inardere.
629 619 734 678 siccari
751 625 844 677 autem
861 635 912 678 eas
927 619 992 680 sole
1008 634 1096 698 opor-

77 712 152 763 stet.
182 710 337 762 nascuntur
350 701 473 780 ubique,
495 702 547 762 sed
561 719 692 762 maxume
707 701 812 778 frigido
829 701 904 761 solo.
935 702 1023 762 effodi
1044 702 1093 762 de-

101 788 171 847 bent
189 786 321 863 vergiliis
336 783 546 845 occidentibus.
573 805 642 846 usus
668 787 775 846 radicis
797 786 826 845 iu
846 786 960 845 trimatu
980 795 1096 862 tanturn,

99 887 197 948 neque
216 879 282 930 ante
304 888 360 929 nec
379 879 492 950 postea.
520 868 630 948 pellunt
655 870 867 930 interaneorum
886 870 1033 944 animalia,
1058 888 1096 929 cn

100 954 145 1013 his
159 956 269 1014 taenias
284 971 347 1013 curn
358 954 457 1030 melle,
473 961 572 1012 cetera
583 971 622 1013 ex
632 954 699 1013 vino
710 953 785 1013 dulci
796 954 890 1013 triduo
904 962 999 1034 potae.
1021 962 1095 1014 utra·

101 1054 157 1115 que
172 1037 322 1098 stomacho
333 1036 521 1097 inutilissima.
552 1036 647 1097 alvom
661 1037 748 1097 solvit
761 1039 853 1114 primo
869 1036 956 1097 bilern
968 1036 1095 1114 trahens,

65 1136 167 1180 aomox
185 1137 297 1200 aquam,
312 1121 415 1181 melius
432 1121 544 1179 taenias
558 1137 622 1179 cum
636 1122 792 1180 scammoni
806 1121 867 1198 pari
882 1121 1022 1199 pondere.
1051 1130 1140 1187 raso

99 1204 148 1263 dix
172 1204 234 1263 cius
253 1204 387 1282 pondere
410 1204 493 1263 duum
514 1202 664 1263 obolorum
689 1221 727 1262 ex
751 1220 824 1281 aqua
847 1213 914 1282 post
934 1206 1017 1265 unius
1037 1205 1095 1265 diei

99 1287 300 1347 abstinentiam
311 1285 429 1362 bibitur,
446 1287 533 1347 melle
546 1294 736 1365 praegustato
751 1296 851 1345 contra
865 1285 1095 1349 rheumatismos.

98 1379 200 1429 neutra
216 1368 307 1429 danda
322 1369 506 1444 mulieribus,
529 1371 664 1448 quoniam
677 1369 805 1448 gravidis
821 1368 965 1445 abortum,
988 1374 1096 1431 ceteris

99 1452 280 1512 sterilitatem
296 1453 375 1512 iacit.
407 1453 498 1513 farina
515 1469 612 1512 earum
625 1452 775 1513 ulceribus
789 1452 890 1511 taetris
907 1454 1094 1531 inspergitur,

63 1554 89 1596 as
98 1539 287 1596 iumentorum
306 1553 423 1614 quoque
443 1535 617 1595 cervicibus.
646 1537 716 1596 lolia
737 1536 867 1595 cimicem
889 1545 1009 1612 necant,
1034 1554 1095 1596 ser·

97 1627 218 1699 pentem
234 1636 292 1677 non
306 1620 459 1698 recipiunt,
474 1619 542 1679 ideo
559 1619 703 1680 substerni
719 1619 788 1679 utile
800 1627 846 1678 est
862 1618 890 1677 in
904 1619 979 1678 locis
994 1637 1095 1699 snspe-

99 1706 164 1780 ctis,
181 1711 264 1763 ustae
279 1703 365 1763 etiam
380 1704 480 1780 lugent
497 1703 609 1762 nidore.
641 1705 741 1764 iecere
763 1703 867 1762 medici
881 1702 964 1762 huius
979 1720 1095 1781 quoque

96 1786 207 1848 herbae
230 1787 401 1864 discrimen,
432 1796 546 1865 optuma
566 1787 755 1849 Macedonica
782 1795 843 1862 est,
872 1787 999 1847 secunda
1025 1786 1094 1846 lias·

97 1888 219 1950 sroprca.
792 1914 794 1918 -

61 1981 88 2021 20
160 1954 243 2034 (56.)
266 1954 372 2015 Femur
391 1954 527 2016 bubulum
548 1954 712 2034 appellatur
732 1954 823 2015 herba
842 1955 942 2014 nervis
972 1963 1002 2015 at
1021 1955 1092 2032 ipsis
1103 1965 1136 2020 81

96 2037 175 2096 dtilie
190 2055 295 2096 recens
310 2040 339 2097 in
357 2047 442 2098 aceto
460 2057 495 2098 ac
513 2039 574 2099 sale
591 2040 666 2098 trita,

162 2121 246 2200 (57.)
267 2119 420 2199 Galcopsis
436 2131 494 2197 aut,
513 2130 543 2182 ut
558 2122 614 2197 alil,
631 2120 832 2199 galeobdolon
846 2123 894 2183 vel
912 2123 1012 2201 galion
1029 2140 1094 2184 cau-

98 2204 154 2263 lem
173 2211 202 2261 et
223 2202 292 2263 lolia
309 2203 397 2265 habet
415 2208 528 2266 urticae
549 2205 662 2265 leuiora
685 2214 714 2265 et
737 2222 810 2283 quae
832 2224 952 2285 gravem
974 2207 1095 2268 odorem

96 2287 162 2346 trita
177 2286 309 2363 reddant,
326 2288 400 2348 ilore'
415 2304 573 2369 purpureo.
598 2291 726 2350 nascitur
742 2291 819 2350 circa
837 2308 944 2371 saepes
958 2310 995 2352 ac
1009 2292 1093 2351 semi-

60 2392 87 2432 as
97 2379 142 2429 tas
159 2369 276 2450 ubique.
298 2372 367 2432 lolia
380 2372 539 2452 caulesque
556 2370 672 2433 duritias
689 2380 719 2432 et
735 2375 926 2435 carcinomata
939 2384 1040 2436 sanant
1056 2392 1096 2435 ex

96 2462 180 2515 aceto
196 2457 261 2514 trita
277 2463 307 2514 et
320 2456 460 2534 inposita,
476 2458 545 2515 item
558 2464 690 2515 strumas.
718 2473 828 2534 panos,
841 2458 988 2538 parotidas
1000 2459 1095 2519 disco·

94 2540 175 2597 tiunt.
218 2555 256 2596 ex
282 2554 336 2596 usu
357 2546 402 2597 est
430 2547 461 2597 et
482 2538 623 2597 decoctae
649 2556 720 2598 suco
746 2539 858 2600 lovere.
897 2542 1094 2619 putrescentia

96 2636 213 2699 quoque
230 2629 259 2678 et
273 2637 455 2697 gangraenas
470 2629 552 2681 sanat
567 2639 630 2680 cum
647 2622 719 2681 sale.

160 2702 243 2782 (58.)
266 2702 358 2762 Glaux
376 2705 530 2782 antiquitus
552 2705 725 2782 eugalacton
746 2704 919 2782 vocabatur,
943 2708 1037 2781 cptiso
1063 2715 1136 2774 etan

59 2786 251 2849 aolenticulae
272 2787 351 2847 loliis
372 2787 489 2865 similis,
513 2805 616 2848 aversa
639 2786 812 2850 candidiora.
849 2791 918 2849 rami
938 2791 967 2848 in
987 2798 1094 2850 terram

96 2879 216 2950 serpunt
229 2872 306 2951 quini
321 2872 385 2932 seni
406 2871 556 2933 admodum
572 2880 685 2933 tenues.
713 2889 729 2931 a
744 2872 842 2932 radice
857 2872 971 2933 liosculi
987 2891 1092 2953 purpo-

94 2954 138 3015 rei
154 2964 270 3017 exeunt.
308 2958 452 3017 invenitur
468 2957 547 3018 iuxta
564 2974 653 3017 mare.
682 2957 816 3034 coquitur
835 2956 863 3015 in
879 2956 1039 3016 sorbitione
1056 2957 1093 3016 si-

95 3039 239 3116 milaginis
255 3040 290 3100 ad
308 3041 487 3102 excitandam
504 3041 665 3102 ubertatem
680 3040 774 3100 lactis.
803 3057 866 3100 eam
883 3041 931 3118 qui
947 3040 1093 3100 hauserint

95 3120 218 3182 balineis
234 3125 275 3183 uti
292 3125 435 3184 convenit.
585 3166 588 3175 -

60 3221 86 3262 aa
158 3206 206 3266 10.
228 3208 311 3285 (59.)
336 3207 475 3268 Glaucion
490 3209 518 3267 in
534 3206 617 3283 Syria
632 3216 662 3267 et
680 3206 795 3268 Parthia
811 3207 955 3282 nascitur,
979 3205 1137 3273 humilissa

95 3287 186 3348 herba
209 3290 306 3349 densis
328 3291 407 3351 foliis
421 3292 484 3351 iero
506 3286 678 3369 papaveris,
704 3289 863 3350 minoribus
886 3299 980 3350 tamen
997 3289 1089 3349 sordi-

96 3370 299 3450 dioribusque,
327 3374 424 3434 odoris
446 3375 545 3448 taetri,
575 3383 676 3452 guttum
696 3374 784 3435 amari
805 3390 869 3433 cum
894 3372 1091 3433 adstrictione.

96 3470 214 3530 ganum
231 3455 319 3517 habet
335 3458 433 3518 crocei
450 3457 568 3517 coloris.
597 3456 654 3525 hoc
673 3459 702 3516 in
725 3457 787 3517 olla
800 3457 962 3517 hctiliiuto
978 3457 1108 3511 discurs-
