2400 3840
122 186 161 249 84
461 200 492 249 c.
508 201 603 249 aurun
619 199 769 250 suenum

121 357 213 414 omnis
237 363 318 414 sanat
340 354 479 414 occultos.
509 355 658 433 inponitur
679 371 738 415 non
752 356 782 414 in
799 354 863 432 ipsa
878 352 1113 433 inflammatione,

120 438 172 498 sed
187 439 332 498 inminuta.

77 533 111 586 89
184 521 266 600 (50.)
290 520 432 582 Animalia
458 539 575 600 quoque
597 523 738 581 invenere
759 521 878 597 herbas,
899 522 929 580 in
952 521 1110 600 primisque

120 605 324 665 chelidoniam.
354 604 407 664 hac
427 607 504 665 enim
522 604 689 664 hirundines
714 604 807 664 oculis
829 603 974 683 pullorum
993 605 1022 663 in
1041 604 1110 665 nido

120 691 277 748 restituunt
292 689 395 764 visum,
410 696 441 746 ut
458 686 571 766 quidam
585 687 702 763 volunt,
718 690 804 747 etiam
820 689 911 767 erutis
930 686 1031 746 oculis.
1060 707 1138 764 ge·s

118 789 188 831 nera
216 773 279 830 eius
302 770 376 830 duo:
399 773 491 831 maior
513 771 662 848 fruticosa,
684 770 758 831 folio
780 772 946 849 pastinacae
971 772 1113 831 erraticae

119 855 272 933 ampliore,
297 855 362 931 ipsa
385 853 535 913 altitudine
560 854 643 914 duum
667 853 845 930 cubitorum,
870 853 953 914 colos
974 852 1114 931 albicans,

120 939 175 998 ilos
190 938 296 997 luteus.
330 938 434 997 minori
450 936 522 997 lolia
537 935 664 997 hederae
680 937 860 1014 rotundiora,
877 939 969 996 minus
986 937 1112 997 candida.

76 1033 112 1085 90
124 1039 209 1080 sucus
227 1021 306 1080 croci
322 1019 452 1097 mordax,
467 1038 566 1081 semen
577 1023 739 1100 papaveris.
761 1020 867 1080 ilorent
878 1020 1003 1080 adventu
1019 1019 1114 1080 hirun-

119 1104 225 1180 diuum,
249 1102 381 1163 discessu
403 1112 593 1164 marcescunt.
627 1122 712 1165 sucus
735 1103 907 1164 florentibus
932 1105 1114 1182 exprimitur,
1124 1125 1149 1167 ao

120 1195 150 1247 et
168 1189 199 1246 in
221 1204 312 1247 aereo
335 1205 406 1247 vase
429 1206 494 1247 cum
509 1187 596 1247 melle
617 1186 717 1247 Attico
738 1187 847 1249 leniter
869 1189 968 1247 cinere
986 1187 1113 1247 ferventi

119 1271 302 1350 decoquitur,
332 1270 470 1348 singulari
500 1270 630 1331 remedio
656 1279 758 1331 contra
786 1270 927 1348 caligines
953 1269 1112 1331 oculorum.

119 1362 237 1414 utuntur
259 1363 289 1414 et
310 1373 364 1433 per
387 1374 420 1414 se
443 1372 513 1414 sucu
533 1355 563 1414 in
585 1353 716 1431 collyriis
738 1372 812 1433 quae
835 1353 998 1414 chelidonia
1014 1353 1114 1433 appel·

119 1437 213 1497 lautnr
229 1439 263 1497 ab
283 1457 325 1498 ca.

75 1533 107 1585 91
183 1522 265 1600 (51.)
287 1522 440 1582 Inveniunt
462 1531 492 1581 et
514 1539 600 1580 canes
623 1538 678 1599 qua
695 1520 839 1582 fastidium
855 1522 972 1580 vincunt
991 1537 1112 1598 cunque
1125 1535 1148 1574 ¹⁵

118 1607 147 1663 in
168 1613 270 1665 nostro
292 1611 452 1682 conspectu
472 1602 623 1680 mandunt,
642 1603 694 1663 sed
717 1606 758 1664 ita
776 1612 807 1663 ut
827 1621 978 1682 numquam
999 1602 1114 1663 intelle-

120 1695 204 1763 gatur
224 1705 299 1766 quae
320 1689 366 1746 sit.
399 1688 507 1746 etenim
528 1685 648 1763 depasta
668 1688 805 1746 cernitur.
838 1686 944 1747 Notata
970 1695 1016 1747 est
1040 1687 1114 1747 baec

120 1770 249 1829 animalis
267 1772 329 1830 eins
345 1768 508 1846 malignitas
522 1771 551 1828 in
566 1768 621 1829 alia
635 1769 726 1830 herba
742 1773 841 1830 maior.
865 1788 1021 1849 percussus
1038 1771 1113 1830 enim

120 1871 136 1912 a
158 1862 298 1932 serpente
319 1853 428 1914 mederi
454 1853 572 1931 quadam
595 1853 651 1912 sibi
677 1852 792 1931 dicitur,
816 1853 870 1914 scd
896 1852 973 1913 illam
996 1853 1113 1915 homine

66 1953 67 1957 ’
122 1945 273 2015 spectante
291 1955 349 1997 non
366 1937 506 2017 decerpit.
1122 1968 1147 2007 20

78 2033 112 2087 92
187 2020 269 2099 (52.)
289 2019 452 2100 Simplicius
475 2039 580 2082 cervae
601 2029 801 2081 monstravere
824 2018 1054 2098 elaphoboscon,
1076 2020 1112 2081 de

80 2127 111 2165 ει.
120 2129 143 2162 u
162 2123 217 2183 qua
229 2104 361 2182 diximus,
372 2106 442 2164 item
452 2104 590 2165 helxinen
601 2123 617 2164 a
629 2113 712 2183 partu
724 2104 833 2164 dictam.
854 2102 932 2183 (53.)
944 2103 1113 2180 ostendere,

77 2207 95 2247 a,
106 2207 128 2243 u
161 2196 191 2247 ut
203 2187 387 2249 indicavimus
399 2187 580 2265 dictamnum,
594 2188 765 2248 vulneratae
778 2195 862 2266 pastu
878 2189 973 2247 statim
984 2186 1051 2247 telis
1064 2187 1113 2248 de·

119 2271 290 2331 uidentibus.
314 2290 371 2331 uon
385 2279 430 2331 est
443 2271 511 2331 alibi
524 2288 607 2350 qnam
622 2273 651 2330 in
663 2269 762 2347 Creta,
778 2272 864 2330 ramis
877 2280 1048 2349 praetenue,
1062 2288 1114 2349 pu·

119 2355 178 2414 leio
194 2353 301 2431 simile,
315 2356 434 2415 fervens
448 2363 478 2414 et
491 2371 558 2414 acre
574 2362 669 2432 gustu.
697 2353 776 2414 loliis
793 2361 900 2414 tantum
914 2362 1041 2430 utuntur,
1057 2353 1112 2415 llos
1123 2374 1148 2414 us

118 2437 211 2498 nullus
234 2446 283 2498 aut
299 2457 399 2498 semen
413 2446 461 2498 aut
478 2437 580 2514 caulis,
598 2436 680 2496 radix
696 2438 791 2498 tenuis
808 2455 841 2496 ac
858 2455 1046 2516 supervacua.
1083 2446 1113 2497 et

117 2520 253 2583 increta
278 2531 452 2582 autemnon
473 2521 603 2601 spatiosa
628 2521 766 2600 nascitur,
787 2521 918 2600 mireque
945 2522 1040 2599 capris
1063 2539 1112 2581 cx·

75 2608 237 2684 93petitur.
271 2604 329 2665 Pro
353 2623 389 2665 eo
413 2614 514 2679 estet
537 2605 821 2684 pseudodictamnum
845 2603 941 2665 multis
968 2606 997 2664 in
1024 2606 1111 2664 terris

118 2708 253 2766 nascens,
269 2688 342 2749 lolio
359 2689 464 2766 simile,
480 2687 596 2749 ramulis
614 2688 785 2766 minoribus,
807 2706 823 2747 a
841 2687 1009 2766 quibusdam
1024 2688 1116 2757 chon<

118 2772 177 2832 dris
189 2779 329 2831 vocatum.
352 2773 473 2832 minoris
488 2771 609 2832 effectus
623 2773 719 2831 statim
730 2770 920 2848 intellegitur.
943 2770 1146 2837 dictamnumsu

118 2855 194 2913 enim
205 2856 326 2913 minuma
338 2854 459 2931 potione
473 2854 604 2914 accendit
616 2871 658 2914 os.
680 2855 728 2932 qui
744 2853 847 2931 legere
861 2871 910 2915 eas
922 2855 952 2914 in
966 2853 1060 2914 ferula
1072 2854 1113 2913 ibi

119 2944 167 2994 aut
189 2934 347 2996 harundine
363 2936 489 2997 condunt
506 2937 726 3015 praeligantque
743 2956 780 2998 ne
800 2939 931 3015 potentia
947 2946 1110 2998 evanescat.

121 3028 186 3079 sunt
200 3021 248 3097 qui
266 3017 361 3078 dicant
376 3028 527 3099 utramque
541 3022 620 3080 nasci
631 3020 825 3099 multifariam,
838 3020 890 3082 sed
901 3021 1068 3082 deteriores
1083 3022 1114 3080 iu

119 3105 198 3180 agris
215 3102 382 3180 pinguibus,
405 3121 503 3164 veram
518 3103 633 3183 quidem
648 3103 818 3165 dictamnum
834 3123 891 3165 non
907 3104 963 3164 nisi
981 3105 1011 3164 in
1029 3122 1113 3184 aspe-

77 3190 171 3251 9dris.
201 3184 255 3246 Est
277 3195 307 3247 et
328 3189 444 3246 tertium
464 3205 556 3265 genus
576 3187 746 3248 dictamnum
768 3197 917 3264 vocatum,
938 3186 992 3248 sed
1014 3206 1146 3267 nequeas

119 3271 194 3332 facie
216 3289 310 3350 neque
334 3269 441 3330 effectu
455 3270 560 3346 simile,
580 3272 654 3331 folio
671 3272 818 3348 sisymbri,
841 3273 927 3332 ramis
941 3270 1111 3348 maioribus,

121 3355 317 3432 praecedente
335 3355 526 3435 persuasione
541 3354 591 3415 illa
605 3355 743 3435 quidquid
757 3357 787 3414 in
802 3353 890 3415 Creta
901 3363 1035 3415 nascatur
1049 3355 1111 3414 iuli·

122 3439 184 3498 nito
207 3448 357 3519 praestare
378 3439 485 3500 ceteris
509 3439 638 3500 eiusdem
659 3441 780 3516 generis
805 3437 874 3498 alibi
899 3439 1020 3516 genitis,
1042 3455 1111 3516 pro-
