2400 3840
129 186 188 248 190
437 197 467 244 c.
490 197 585 244 amru
607 195 756 244 succuum

88 364 139 418 184
149 353 272 413 madida.
304 351 450 411 Frivolum
464 351 603 428 videatur,
618 359 782 410 nontamen
799 349 982 409 omittendum
999 357 1127 427 propter

130 437 273 497 desideria
288 435 448 512 mulierum,
466 436 553 494 talum
566 433 678 493 candidi
691 433 805 492 invenci
820 432 1008 510 quadraginta
1019 431 1127 491 diebus

130 519 333 596 noctibusque,
351 519 446 578 donec
460 519 624 578 resolvatur
637 519 666 576 in
679 517 833 595 liquorem,
849 515 1003 576 decoctum
1015 524 1047 575 et
1060 515 1125 575 iuli·

129 615 187 663 tum
208 603 327 663 linteolo
347 602 501 661 candorem
517 602 632 678 entique
647 601 846 676 erugationem
862 609 1023 677 praestare.
1057 600 1126 658 timo

129 689 240 747 taurino
255 686 344 745 malas
360 685 517 745 rubescere
533 686 625 760 aiunt,
641 702 698 744 non
715 693 745 743 ut
761 683 956 743 crocodileam
972 682 1052 743 inlini
1066 698 1148 744 me·s

88 771 214 845 1851ius,
226 769 278 828 sed
289 769 385 828 foveri
398 768 503 844 irigida
516 777 619 828 etante
632 777 771 846 etpostea
785 766 893 827 iubent.
908 775 999 827 testas
1009 775 1041 826 et
1050 785 1127 846 quae

131 854 299 913 decolorem
327 852 436 911 iaciunt
456 861 549 911 cutem
577 853 671 911 limum
691 851 772 930 vituli
795 868 858 910 oum
881 851 950 910 oleo
970 859 1000 909 et
1022 853 1128 910 cummi

130 955 213 996 manu
235 934 383 994 subactum
405 936 554 1011 emendat,
571 936 669 995 ulcera
691 937 751 994 oris
767 952 801 993 ac
820 936 907 994 rimas
927 933 1029 993 sebum
1043 935 1128 994 vituli

130 1020 178 1078 vel
194 1017 278 1076 bovis
293 1035 356 1077 cum
370 1019 456 1099 adipe
472 1020 606 1079 anserino
625 1028 654 1078 et
669 1020 754 1078 ocimi
768 1036 849 1077 suco.
879 1026 924 1076 est
939 1026 968 1077 et
981 1017 1037 1076 alia
1054 1021 1127 1078 mix·

130 1111 193 1162 tura
217 1120 233 1161 e
257 1100 330 1160 sebo
346 1103 426 1162 vituli
443 1121 506 1162 cum
527 1103 652 1162 medulla
670 1104 749 1161 cervi
765 1111 795 1160 et
816 1101 901 1162 albae
921 1102 1023 1178 spinae
1046 1101 1160 1161 loliisro

131 1204 185 1246 una
200 1186 283 1245 tritis.
321 1185 397 1245 idern
412 1195 541 1265 praestat
557 1196 586 1246 et
600 1184 725 1245 medulla
741 1202 804 1245 oum
820 1187 916 1244 resina
929 1184 995 1258 vel,
1017 1187 1041 1243 si
1059 1203 1128 1246 vac-

91 1281 141 1336 186
154 1273 218 1329 cina
232 1270 283 1345 sit,
308 1277 336 1328 et
355 1271 397 1329 ius
413 1290 429 1330 e
446 1289 532 1330 carne
548 1272 679 1329 vaccina.
710 1269 840 1328 licbeuas
862 1271 922 1328 oris
937 1271 1128 1345 praestantis·

133 1356 203 1414 sime
218 1354 307 1413 vincit
321 1354 460 1430 glutinum
474 1355 581 1414 iactum
602 1371 619 1413 e
647 1352 822 1428 genitalibus
841 1351 1008 1427 vitulorum,
1034 1350 1128 1429 liqua-

131 1447 189 1497 tum
203 1446 288 1498 aceto
310 1456 372 1496 cum
394 1440 512 1517 sulpure
529 1439 613 1512 vivo,
633 1453 712 1495 ramo
728 1436 852 1495 ficulneo
876 1435 1064 1512 permixtum,
1089 1437 1130 1495 ita

134 1530 163 1579 ut
179 1521 224 1579 bis
239 1520 285 1579 die
300 1539 405 1580 recens
422 1522 564 1595 inlinatur,
580 1523 647 1579 item
662 1519 761 1596 lepras
776 1536 813 1578 ex
825 1518 912 1578 melle
928 1527 958 1576 et
971 1525 1058 1577 aceto
1078 1519 1129 1579 de·
1139 1526 1161 1569 ¹⁶

134 1612 257 1678 coctum,
276 1620 347 1680 quae
369 1613 398 1662 et
412 1607 494 1665 iocur
507 1604 579 1663 birci
594 1602 715 1662 calidum
729 1604 837 1661 inlitum
856 1601 947 1678 tollit,
970 1602 1045 1660 siout
1067 1603 1128 1662 ele·

133 1684 303 1762 phantiasim
317 1685 358 1744 iel
374 1688 536 1766 caprinum,
553 1687 703 1744 etiamnum
724 1687 824 1764 lepras
845 1702 880 1746 ac
903 1684 1029 1744 iurlures
1053 1688 1128 1746 tauri

133 1768 173 1826 iel
191 1767 287 1826 addito
302 1769 392 1845 nitro,
408 1771 488 1828 urina
503 1770 573 1828 asini
589 1770 667 1827 circa
684 1770 763 1828 canis
778 1778 879 1843 ortum,
894 1768 1023 1827 maculas
1037 1770 1067 1827 in
1086 1769 1128 1829 fa·

135 1853 179 1910 cie
195 1850 234 1909 lel
252 1852 399 1930 utriusque
415 1870 468 1929 per
483 1870 551 1910 sese
565 1869 637 1929 aqua
653 1851 803 1911 infractum
828 1853 997 1929 evitatisque
1014 1851 1128 1912 solibus

93 1943 142 1999 187
155 1952 189 1994 ac
206 1932 299 1994 ventis
315 1944 381 2013 post
403 1936 558 1996 detractam
573 1944 682 1994 cutem.
716 1937 816 1995 similis
833 1936 955 1994 effectus
979 1943 1008 1993 ct
1022 1937 1051 1994 in
1066 1945 1162 1995 tou-²0

134 2019 196 2077 rino
213 2019 369 2078 vitulinove
390 2020 461 2080 lelle
480 2038 544 2079 cum
568 2022 676 2078 semine
693 2020 804 2078 cunilae
826 2037 860 2079 ac
882 2021 1015 2077 cinereo
1037 2035 1129 2078 cornu

135 2104 271 2178 cervino,
287 2103 311 2160 si
328 2104 457 2163 canicula
479 2105 629 2163 exoriente
645 2102 837 2162 comburatur.
867 2103 977 2161 asinino
996 2101 1070 2161 sebo
1090 2103 1128 2161 ci·

136 2183 291 2243 catricibus
307 2202 342 2243 ac
358 2186 462 2244 liobeni
478 2187 626 2264 leprisque
643 2203 775 2244 maxume
792 2186 874 2246 color
893 2184 1030 2244 redditur.
1054 2185 1129 2245 hirci

135 2267 175 2325 iel
190 2275 218 2325 et
233 2266 387 2342 lentigines
402 2269 478 2328 tollit
494 2268 619 2328 admixto
636 2286 722 2328 caseo
745 2288 808 2329 cum
824 2270 889 2327 vivo
904 2269 1023 2347 sulpure
1037 2286 1128 2348 spon·

95 2360 145 2414 188
153 2367 285 2425 geaeque
308 2353 421 2426 cinere,
443 2361 472 2410 ut
492 2353 527 2410 eit
545 2352 638 2412 mellis
656 2352 826 2412 crassitudo.
856 2352 944 2430 aliqui
964 2353 1162 2413 inveterato-²⁵

136 2432 206 2491 lelle
216 2433 343 2493 maluere
356 2437 404 2510 uti,
420 2437 514 2494 mixtis
529 2436 629 2496 calidis
640 2435 797 2495 furfuribus
809 2435 938 2511 pondere
950 2433 1030 2494 oboli
1045 2437 1129 2496 unius

136 2525 326 2595 quattuorque
342 2518 444 2595 mellis,
462 2521 540 2595 prius
557 2520 704 2579 defricatis
718 2518 846 2578 maculis.
879 2518 984 2576 ellicax
999 2518 1130 2578 eiusdem

137 2608 166 2657 et
186 2601 285 2659 sebum
302 2619 365 2661 cum
378 2603 533 2664 melanthio
550 2612 579 2661 et
594 2603 711 2680 sulpure
726 2611 754 2660 et
772 2601 859 2676 iride,
882 2600 1029 2660 labrorum
1045 2603 1128 2661 lissu-

135 2684 174 2740 ris
191 2702 252 2743 cum
265 2684 349 2762 adipe
364 2687 497 2745 anserino
513 2704 547 2744 ac
561 2685 684 2744 medulla
697 2686 814 2744 cervina
825 2686 978 2761 resinaque
991 2692 1020 2743 et
1033 2685 1127 2745 calce.

136 2763 254 2824 lnvenio
272 2768 346 2844 apud
365 2778 498 2827 auctores
513 2768 557 2826 his
574 2771 621 2845 qui
637 2769 792 2844 lentigines
815 2767 939 2826 habeant
953 2771 1055 2844 negari
1069 2782 1161 2827 maso

136 2848 220 2921 gices
235 2851 442 2908 sacrificiorum
457 2868 535 2910 usus.

97 2938 146 2992 189
208 2930 293 3007 (51.)
314 2931 401 2989 Lacte
419 2931 525 2991 bubulo
543 2940 590 2991 aut
606 2934 724 3008 caprino
741 2934 875 2993 tonsillae
890 2943 918 2992 et
934 2935 1058 2993 arteriae
1077 2953 1127 2992 ex-

137 3009 282 3071 ulceratae
299 3015 437 3073 iuvantur.
465 3017 663 3091 gargarizatur
677 3016 803 3094 tepidum
818 3026 848 3077 ut
864 3026 908 3077 est
924 3034 990 3076 usus
1005 3035 1127 3095 expres·

137 3112 198 3154 sum
214 3104 260 3155 aut
281 3096 460 3155 calefactum.
492 3100 637 3175 caprinum
658 3100 752 3158 utilius
777 3119 840 3160 cum
859 3100 953 3159 malva
974 3099 1127 3159 decoctum

138 3187 166 3237 et
181 3179 242 3240 sale
257 3181 375 3258 exiguo.
406 3181 522 3257 linguae
544 3182 752 3242 exulcerationi
774 3192 802 3242 et
821 3185 989 3242 arteriarum
1006 3184 1160 3260 prodestst

137 3262 180 3321 ins
198 3265 287 3324 omasi
309 3265 534 3342 gargarizatum,
559 3267 681 3325 tonsillis
696 3275 789 3326 autem
810 3268 940 3343 privatim
960 3285 1048 3326 renes
1065 3267 1126 3327 vol·

139 3348 213 3421 pium
229 3349 299 3409 aridi
314 3367 377 3409 cum
393 3347 479 3407 melle
499 3350 556 3408 triti
571 3349 715 3427 inlitique,
731 3352 853 3425 anginae
866 3349 905 3408 lel
922 3352 1062 3409 taurinum
1080 3349 1128 3409 vel

100 3437 148 3490 190
159 3433 303 3507 caprinum
318 3451 381 3491 oum
395 3432 492 3510 melle,
509 3435 591 3492 iocur
605 3434 687 3492 melis
709 3452 746 3492 ex
761 3451 844 3510 aqua.
881 3434 940 3491 oris
955 3435 1127 3509 gravitatem
