2400 3840
239 191 319 239 nun.
336 190 428 238 nrsr.
445 188 542 237 xxrx.
559 187 585 242 6.
603 176 680 254 (aa.)
696 186 832 236 axxx.
850 186 873 238 1.
889 185 940 251 (a.)
1028 177 1088 241 233

93 346 177 424 bant,
195 345 378 422 coarguimus
394 344 623 422 detegemusque
643 344 802 403 etiamnum.
833 344 862 402 in
877 344 978 423 paucis
995 353 1090 405 tamen

95 430 254 506 dignares
284 429 320 488 de
342 445 398 506 qna
417 427 502 506 plura
526 427 671 502 dicautur,
697 427 744 486 vel
769 444 805 486 eo
828 428 893 506 ipso
918 427 995 506 qnod
1015 428 1089 488 frau-

18 586 21 591 ,
94 513 288 573 dolentissima
310 513 410 570 artium
431 510 590 590 plurumum
615 512 643 570 in
659 519 719 570 toto
742 519 880 570 terrarum
902 509 974 570 orbe
993 511 1088 590 pluru-

93 599 204 674 misque
217 594 342 656 saeculis
352 593 451 658 valuit.
474 597 673 654 auctoritatem
688 595 715 653 ei
729 611 887 653 maxumam
898 595 988 654 luisse
1004 613 1088 655 nemo

70 681 227 754 smiretur,
246 677 475 756 quandoquidem
493 678 556 738 sola
569 680 669 738 artium
683 678 734 736 tris
750 677 823 737 alias
838 679 1090 757 imperiosissimas

92 764 232 824 humanae
246 763 350 821 mentis
367 762 511 839 conplexa
527 763 555 821 iu
571 779 654 820 unam
667 779 700 820 se
714 760 829 838 redigit.
862 770 957 822 natam
971 764 1118 841 primumt

93 866 110 906 e
131 844 272 905 medicina
287 861 372 906 nemo
393 844 556 905 dubitatae
576 844 678 923 specie
693 844 810 905 salutari
832 846 993 923 inrepsisse
1012 845 1092 905 velut

92 929 224 989 altiorem
241 931 473 1007 sanctioremque
486 927 666 1003 medicinam,
684 929 722 987 ita
736 927 929 988 blandissimis
945 928 1089 989 desidera·

93 1014 267 1091 tissimisque
288 1014 438 1091 promissis
454 1011 599 1072 addidisse
614 1012 684 1071 viris
699 1011 867 1087 religionis,
890 1012 926 1073 ad
947 1031 1018 1091 quas
1033 1030 1090 1072 ma·

57 1113 83 1156 to
93 1115 177 1157 sume
196 1099 357 1157 etiamnunc
373 1096 481 1171 caligat
491 1094 641 1155 humanum
655 1112 766 1170 genus,
784 1104 887 1174 atque,
901 1105 931 1155 nt
946 1096 1003 1156 hoc
1019 1113 1089 1174 quo·

92 1199 149 1259 que
164 1182 355 1258 suggesserit,
371 1179 524 1238 miscuisse
537 1177 753 1238 mathematicas
768 1181 846 1253 artis,
864 1178 944 1239 nullo
960 1197 1018 1240 nou
1033 1181 1090 1239 avi·

93 1265 130 1324 do
152 1264 247 1323 lutura
269 1263 306 1322 de
327 1279 395 1322 sese
415 1261 526 1320 sciendi
546 1271 633 1339 atque
654 1278 688 1319 ea
709 1279 727 1320 e
751 1260 834 1319 caelo
856 1263 1007 1322 verissime
1031 1263 1092 1340 peti

94 1346 243 1406 credente.
272 1347 310 1404 ita
326 1346 473 1423 possessis
488 1344 631 1405 hominum
647 1342 781 1403 sensibus
797 1343 905 1424 triplici
921 1345 1037 1403 vinculo
1062 1348 1091 1404 in

93 1438 199 1488 tantum
214 1429 312 1504 lastigi
327 1427 455 1488 adolevit
469 1437 500 1487 ut
510 1427 655 1506 hodieque
667 1427 752 1486 etiam
767 1428 908 1502 inmagua
924 1437 1006 1506 parte
1023 1444 1091 1504 gen-

59 1534 84 1576 1⁶
94 1515 162 1572 tium
180 1512 349 1590 praevaleat
364 1519 394 1570 ct
407 1512 436 1570 iu
451 1512 564 1571 oriente
576 1528 676 1588 regum
693 1508 812 1587 regibus
827 1511 959 1588 imperet.

161 1595 222 1674 (2.)
246 1595 315 1654 Sine
330 1593 417 1654 dubio
432 1594 494 1654 illic
509 1604 572 1655 orta
587 1596 615 1653 in
632 1593 751 1654 Perside
767 1593 961 1670 aZotoastre,
971 1602 1002 1652 ut
1018 1593 1092 1652 inter
1099 1604 1122 1672 ξ,

93 1687 229 1739 auctores
243 1679 387 1738 convenit.
422 1677 475 1737 sed
494 1697 566 1739 unus
580 1679 628 1738 bic
641 1678 729 1737 luerit
742 1694 779 1737 au
790 1687 893 1756 postea
907 1687 934 1737 et
951 1677 1092 1737 aliusnon

93 1765 162 1822 satis
179 1760 300 1822 constat.
321 1761 477 1839 Eudoxus,
501 1763 549 1841 qui
567 1764 642 1822 inter
658 1761 819 1842 sapientiae
843 1770 942 1822 sectas
966 1761 1091 1822 clarissi-

93 1864 165 1906 mam
189 1846 424 1924 utilissimamque
447 1864 509 1906 eam
531 1846 663 1922 intellegi
685 1845 792 1920 voluit,
820 1845 995 1906 Zoroastren
1017 1845 1093 1905 hunc

57 1946 84 1988 so
94 1948 148 1990 sex
162 1930 276 1989 milibus
289 1947 425 1990 annorum
442 1939 508 1988 ante
517 1929 645 1990 Platonis
659 1938 780 1988 mortem
795 1929 884 1988 luisse
898 1927 1032 2006 prodidit,
1048 1929 1092 1986 sic

93 2023 122 2073 et
138 2013 324 2072 Aristoteles.
355 2013 530 2089 Hermippus
546 2013 593 2090 qui
608 2012 643 2071 de
665 2019 726 2071 tota
745 2020 805 2071 arte
821 2029 854 2070 ea
873 2011 1121 2087 diligentissimcs

93 2097 210 2173 scripsit
223 2105 253 2155 et
267 2097 379 2155 siciens
395 2103 508 2154 centum
524 2096 601 2155 milia
616 2112 750 2154 versuum
765 2113 782 2154 a
798 2095 956 2155 Zoroastre
977 2093 1092 2154 condita

92 2179 235 2240 iudicibus
250 2195 366 2258 quoque
383 2179 558 2239 voluminum
576 2180 639 2239 eius
655 2178 757 2255 positis
773 2177 955 2255 explanavit,
971 2195 1091 2256 praece·

93 2272 208 2343 ptorem
232 2282 248 2323 a
270 2280 328 2340 quo
350 2263 508 2323 institutum
529 2262 642 2324 diceret
665 2260 780 2322 tradidit
794 2262 974 2338 Agonacen,
1000 2262 1092 2339 ipsum

58 2363 166 2406 unvero
183 2348 307 2424 quinque
327 2345 441 2406 milibus
457 2363 594 2406 annorum
610 2354 676 2406 ante
691 2344 845 2405 Troianum
862 2346 969 2406 bellum
990 2345 1091 2405 inisse.

93 2433 194 2490 mirum
210 2429 268 2489 hoc
281 2431 310 2488 in
324 2430 433 2507 primis,
451 2429 571 2488 durasse
587 2429 752 2488 memoriam
765 2438 914 2507 artemque
928 2438 985 2488 tam
1000 2429 1091 2504 longo

92 2530 167 2573 aevo
190 2512 402 2571 commentariis
416 2529 474 2571 non
488 2509 744 2586 intercedentibus,
766 2519 919 2588 praeterea
934 2529 989 2570 neo
1005 2511 1092 2570 claris

92 2613 148 2654 nec
163 2594 304 2654 continuis
320 2593 554 2653 successionibus
579 2592 758 2653 custoditam.
799 2601 903 2670 quotus
923 2595 997 2653 enim
1018 2592 1119 2671 quis-5

94 2695 150 2756 que
163 2676 258 2736 auditu
269 2676 371 2735 saltem
385 2676 519 2751 cognitos
528 2675 626 2751 habet,
639 2677 688 2752 qui
703 2675 759 2734 soli
775 2676 964 2751 nominantur,
976 2675 1092 2754 Apusc-

58 2785 85 2827 30
95 2779 157 2819 rum
173 2769 202 2819 et
217 2759 349 2819 Zaratum
360 2757 473 2833 liledos,
491 2757 726 2836 babyloniosque
738 2758 909 2820 lllarmarum
921 2769 950 2818 et
961 2758 1090 2820 Araban·

35 2894 39 2899 .
94 2843 259 2926 tiphocum,
282 2852 331 2902 aut
346 2842 497 2917 Assyrium
513 2841 730 2919 Tarmoendam,
750 2860 869 2921 quorum
886 2843 963 2903 nulla
979 2851 1092 2903 exstant

93 2922 287 2987 monimenta?
307 2944 439 2987 maxume
459 2934 554 2986 tamen
575 2927 676 2987 mirum
691 2934 735 2986 est
751 2927 779 2985 in
793 2926 873 2986 bello
889 2927 1015 2987 Troiano
1032 2936 1090 2987 tan·

94 3023 150 3072 tum
166 3010 203 3070 de
220 3018 282 3069 arte
299 3028 333 3070 ea
345 3010 488 3070 silentium
503 3010 594 3070 luisse
608 3009 736 3072 Homero
752 3018 917 3088 tantumque
934 3013 1033 3090 operis
1053 3028 1090 3068 ex

94 3095 195 3155 cadem
221 3095 249 3152 in
278 3093 371 3154 Ulixis
394 3093 559 3170 erroribus,
590 3093 665 3154 adeo
695 3103 725 3154 ut
750 3094 815 3154 idea
842 3103 989 3173 totumque
1019 3110 1092 3171 opus

58 3196 149 3240 annon
167 3175 281 3237 aliunde
297 3185 419 3252 constet,
436 3177 577 3254 siqnidem
592 3178 698 3238 Protea
714 3186 743 3237 et
757 3179 889 3238 Sirenum
902 3185 1000 3237 cantus
1017 3175 1119 3254 apudd

94 3279 157 3322 eum
174 3277 231 3320 non
246 3259 330 3319 aliter
344 3259 475 3335 intellegi
488 3260 599 3336 volunt,
615 3259 701 3321 Circe
716 3260 814 3338 utique
835 3269 864 3339 et
878 3259 1000 3320 inferum
1023 3275 1092 3318 evo-

95 3347 209 3404 catione
224 3343 280 3403 lroo
302 3342 395 3402 solum
411 3343 469 3418 agi.
500 3361 556 3403 uec
577 3353 681 3422 postea
704 3345 854 3422 quisquam
877 3342 947 3403 dixit
969 3359 1093 3421 quonam

93 3429 178 3488 modo
189 3429 318 3487 venisset
325 3425 488 3487 Telmesum
499 3425 746 3503 religiosissimam
757 3427 867 3504 urbem,
880 3426 994 3507 quaudo
1002 3435 1093 3485 trans·
