2400 3840
136 191 195 251 100
389 274 399 289 ¹
450 201 479 248 c.
501 202 597 250 nunu
618 201 793 255 succum,

105 367 123 420 3
195 354 258 434 (3.)
280 355 346 416 Non
361 356 456 417 iuerat
473 357 546 417 haec
567 357 630 416 lues
652 357 727 434 apud
745 359 870 419 maiores
894 366 1050 436 patresque
1074 375 1125 417 no-

131 448 223 513 stros,
246 447 276 497 ct
298 443 417 519 primum
440 440 537 500 Tiberi
562 439 662 501 Claudi
684 438 820 502 Caesaris
842 441 1004 520 principatu
1030 441 1126 500 medio

130 523 250 600 inrepsit
271 525 299 582 in
319 523 427 583 ltaliam
450 524 572 602 quodam
597 523 736 584 Perusino
765 525 862 602 equite
884 525 1016 585 Romano
1038 542 1124 603 quae·

130 607 219 664 storio
253 607 364 683 scriba,
392 625 455 667 cum
478 609 506 666 in
527 607 598 667 Asia
622 608 818 686 adparuisset,
840 608 906 668 inde
923 608 1125 685 contagionem

130 691 192 748 eius
208 690 381 768 inportante.
414 709 469 750 uec
486 709 605 750 sensere
621 691 649 751 id
669 690 771 752 malum
794 693 916 752 feminae
938 701 985 751 aut
1006 693 1152 751 servitias

129 772 290 852 plebesque
308 774 421 833 lrumilis
446 783 493 833 aut
513 775 622 851 media,
649 775 701 835 sed
724 793 865 854 proceres
888 773 985 835 veloci
1005 776 1125 835 transitu

130 856 223 917 osculi
245 875 394 933 maxume,
422 858 553 918 foediore
575 858 726 919 multorum
747 862 794 936 qui
817 861 930 939 perpeti
955 856 1125 919 medicinam

129 940 325 1000 toleraverant
341 943 477 1001 cicatrice
491 960 575 1020 quam
590 941 701 1002 morbo.
747 944 881 1002 causticis
902 959 1024 1021 namque
1043 960 1124 1002 cura·

130 1024 223 1098 batur,
240 1025 267 1082 ni
279 1043 371 1102 usque
387 1027 415 1083 in
434 1043 501 1085 ossa
518 1044 625 1104 corpus
637 1035 768 1086 exustum
784 1035 873 1102 esset,
888 1024 1049 1086 rebellante
1064 1034 1123 1086 tae·

103 1107 187 1168 tdio.
207 1107 441 1188 adveneruntque
455 1128 493 1168 en
506 1109 643 1190 Aegypto
655 1111 805 1186 genetrice
820 1110 917 1169 talium
926 1111 1058 1169 vitiorum
1065 1127 1124 1169 me·
1134 1124 1159 1164 ro

130 1188 186 1248 dici
204 1190 277 1250 hanc
294 1192 384 1252 solam
402 1211 520 1271 operam
532 1193 698 1253 adferentes
712 1211 815 1270 magna
827 1212 876 1253 sua
892 1193 1015 1271 praeda,
1037 1193 1124 1270 siqni-

131 1274 194 1333 dem
222 1284 330 1335 certum
352 1285 397 1335 est
424 1276 569 1337 Manilium
591 1276 746 1336 Cornutum
775 1295 791 1335 e
820 1278 973 1356 praetoriis
998 1276 1125 1352 legatum

130 1357 321 1435 Aquitanicae
337 1358 506 1438 provinciae
520 1360 576 1420 HS.
596 1359 645 1420 OG
661 1361 796 1421 elocasse
811 1361 839 1419 in
852 1378 888 1420 eo
903 1359 1005 1419 morbo
1023 1377 1124 1418 curan·

130 1441 194 1501 dum
212 1461 295 1518 sese,
319 1444 481 1523 acciditque
496 1447 614 1522 saepius
635 1454 665 1503 ut
677 1462 753 1503 nova
770 1453 870 1503 contra
885 1461 995 1521 genera
1009 1442 1123 1502 morbo-

128 1544 190 1584 rum
205 1529 346 1602 gregatim
363 1531 544 1587 sentirentur.
591 1545 648 1604 quo
669 1526 825 1586 mirabilius
841 1528 909 1605 quid
925 1534 1022 1605 potest
1036 1545 1121 1606 repe·
1136 1541 1159 1581 ns

129 1611 188 1684 riri,
206 1609 300 1686 aliqua
316 1612 395 1686 gigni
413 1620 534 1689 repente
551 1612 618 1669 vitia
634 1619 773 1669 terrarum
795 1613 823 1668 in
842 1619 925 1688 parte
943 1619 1021 1669 certa
1036 1628 1124 1669 mem·

130 1691 247 1768 brisqne
265 1691 408 1752 homiuum
425 1696 512 1752 certis
528 1693 576 1752 vel
591 1693 732 1752 aetatibus
747 1703 793 1753 aut
808 1696 891 1755 etiam
908 1694 1038 1770 fortunis,
1054 1703 1123 1753 tam-

130 1791 213 1852 quam
229 1775 304 1834 malo
322 1776 463 1852 eligente,
489 1777 562 1836 haec
582 1776 611 1835 in
625 1779 722 1854 pueris
736 1782 881 1853 grassari,
900 1776 949 1836 illa
964 1779 992 1836 in
1008 1776 1123 1852 adultis,

129 1858 202 1916 baec
218 1875 359 1935 proceres
375 1861 492 1935 sentire,
508 1859 557 1919 illa
573 1858 737 1939 pauperes?

101 1954 116 2003 5
187 1940 254 2018 (4.)
274 1941 305 2002 L.
314 1942 402 2003 Paulo
416 1941 451 2015 Q.
460 1944 569 2004 llarcio
583 1943 752 2003 censoribus
764 1945 884 2021 primum
896 1945 923 2002 in
935 1942 1046 2003 ltaliam
1060 1960 1121 2002 car·
1133 1953 1158 1992 ²⁰

130 2023 1123 2105 buuculumveuisseannalibusnotatumest,peculiarcNarbonensis

130 2111 297 2186 provinciae
317 2110 438 2187 malum,
459 2127 526 2188 quo
540 2111 596 2171 duo
620 2111 788 2171 consulares
811 2109 912 2170 obiere
933 2108 1123 2168 condentibus

128 2191 201 2250 liaeo
215 2190 300 2250 nobis
316 2192 418 2252 eodem
432 2211 523 2269 anno,
546 2194 633 2253 lulius
647 2193 739 2253 liuius
755 2202 784 2253 et
799 2193 834 2267 Q.
849 2193 990 2253 Lecanius
1004 2191 1123 2267 Bassus,

128 2274 179 2333 ille
191 2273 367 2334 medicorum
380 2277 528 2336 inscientia
546 2285 654 2351 sectus,
671 2276 719 2335 bic
736 2294 808 2336 vero
826 2276 926 2354 pollici
949 2275 1053 2336 laevae
1066 2293 1123 2334 nra-

129 2376 180 2416 nus
202 2357 303 2418 evolso
320 2376 372 2418 acu
390 2359 425 2419 ab
445 2361 603 2438 semetipso
618 2369 675 2419 tam
692 2377 783 2437 parvo
800 2361 895 2419 utrix
916 2361 995 2419 cerni
1011 2367 1122 2438 posset.
1133 2372 1160 2412 as

101 2444 258 2503 enascitur
281 2443 309 2501 in
338 2442 543 2503 occultissimis
568 2461 722 2521 corporum
745 2443 873 2521 partibus
902 2450 931 2502 et
953 2443 1124 2522 plerumque

129 2524 294 2603 sublingua
315 2526 415 2586 duritia
438 2526 544 2587 rubens
566 2528 626 2586 veri
647 2526 749 2602 modo,
779 2525 831 2586 sed
850 2527 945 2606 capite
967 2527 1123 2603 nigricans,

130 2609 201 2668 alias
216 2609 312 2686 livida,
331 2612 359 2669 in
376 2629 482 2690 corpus
499 2611 650 2670 intendens
667 2629 762 2688 neque
774 2612 976 2684 intumescens,
993 2611 1056 2668 sinc
1073 2607 1122 2668 do·

129 2692 202 2768 lore,
219 2694 281 2753 sine
297 2696 417 2772 pruritu,
433 2696 495 2753 sine
508 2695 566 2754 alio
585 2712 668 2772 quam
680 2695 772 2755 somni
784 2693 901 2768 indicio,
916 2709 973 2771 quo
984 2701 1123 2769 gravatos

128 2774 157 2832 in
171 2774 264 2834 triduo
280 2776 383 2852 aufert,
396 2776 548 2855 aliquando
564 2785 593 2836 et
607 2777 757 2837 horrorem
770 2776 904 2836 adferens
922 2777 1056 2854 circaque
1073 2795 1122 2855 pu·
1133 2795 1158 2835 so

129 2857 207 2916 sulas
224 2876 339 2937 parvas,
356 2861 449 2918 rarius
466 2859 589 2935 labrem,
610 2858 787 2919 stomachum
801 2860 949 2938 laneisque
966 2877 1028 2918 cum
1042 2858 1122 2918 inva-

130 2941 176 3015 sit,
194 2942 329 3000 ocissime
346 2943 520 3001 exanimans.

104 3032 119 3086 7
195 3023 258 3102 (5.)
280 3023 409 3083 Diximus
425 3023 642 3103 elephantiasim
663 3034 728 3084 aute
744 3025 864 3104 Pompei
880 3026 977 3103 Magni
999 3033 1122 3086 aetatem

87 3105 117 3146 ²⁰·
130 3104 164 3140 ¹⁴⁴
184 3124 240 3166 non
258 3106 400 3166 accidisse
416 3108 444 3166 in
458 3106 556 3181 ltalia,
576 3117 604 3167 et
619 3111 710 3186 ipsam
731 3109 837 3169 aiacie
854 3111 969 3188 saepius
984 3109 1122 3187 incipien-

128 3200 196 3266 tem,
212 3192 240 3249 in
255 3208 323 3249 nare
339 3192 429 3269 prima
446 3190 534 3250 veluti
554 3191 707 3268 lenticula,
729 3209 797 3252 mox
813 3194 995 3253 increscente
1009 3209 1063 3270 per
1078 3201 1121 3250 to·
1131 3211 1157 3251 as

131 3284 188 3333 tum
205 3293 311 3352 corpus
326 3274 472 3335 maculosa
487 3277 574 3335 variis
591 3275 739 3337 coloribus
754 3285 783 3336 et
799 3275 943 3355 inaequali
958 3285 1034 3354 oute,
1052 3273 1121 3335 alibi

131 3376 238 3435 crassa,
255 3357 323 3418 alibi
339 3360 432 3436 tenni,
455 3359 524 3419 dura
543 3358 610 3419 alibi
628 3379 682 3420 ceu
697 3359 797 3420 scabie
811 3376 933 3438 aspera,
954 3356 990 3418 ad
1008 3367 1121 3436 postre-

130 3459 203 3501 mum
219 3460 289 3501 vero
305 3443 490 3519 nigrescente
507 3442 536 3502 et
549 3443 586 3503 ad
601 3459 669 3503 ossa
681 3444 775 3504 carnis
786 3441 978 3522 adprimeute,
1001 3443 1120 3503 intume-
