2400 3840
270 203 351 252 ιιι.
366 201 457 251 msa.
472 200 584 252 xxrn.
601 200 645 254 ιι.
660 201 702 256 ra.
719 193 906 271 (ιιι-ιιι.)
1030 194 1089 259 153

97 358 266 420 orbiculatis
285 366 317 416 ιιι
337 357 404 450 api
400 380 403 387 ’
417 356 535 416 :semiue
554 357 678 416 rotundo
692 359 778 435 nigro
793 357 873 437 qood
892 360 1000 422 arescit
1021 363 1102 445 inci·

97 444 195 521 plenta
212 444 340 502 aestate.
364 438 453 499 radix·
462 455 579 519 qnoque
594 439 715 501 odorata
730 450 816 518 gusta
830 440 891 502 acri
904 444 1029 522 mordet,
1045 439 1090 506 su·

94 541 176 602 cosa,
191 525 297 584 mollis.
328 532 431 583 cortex
455 524 518 583 eius
538 523 616 583 ioris
632 525 736 601 niger,
759 525 834 584 intus
848 524 983 613 pallidus.
1016 529 1090 589 odor

94 626 208 670 murrae
232 607 321 667 habet
342 607 524 684 qualitatem,
557 605 633 666 unde
662 617 693 667 et
713 625 827 668 noman.
858 607 984 672 nascitur
1006 621 1036 671 et
1063 613 1092 672 iu

73 693 210 753 nsanosis
225 690 349 750 collibus
370 691 425 751 et
417 708 446 749 ιιι
458 691 592 750 terrenis.
628 708 696 751 usus
712 692 775 752 elus
799 693 964 772 calfacere,
979 688 1071 756 e-x'ta
1060 705 1135 762 131

95 792 194 835 nuans.
226 775 334 834 minam
349 783 380 834 et
393 790 509 834 menses
525 774 601 834 'ciem
621 774 692 834 lolia
713 783 742 836 et
755 776 853 854 radix,
875 792 974 838 semen
997 780 1093 840 alvom

96 859 186 934 sistit,
208 856 290 918 radix
311 857 501 918 collectiones
516 864 545 917 at
559 858 782 936 suppurationes
796 876 854 920 non
870 870 1002 940 vetares,
1024 864 1093 922 item

96 942 214 1002 duritias
232 940 348 1003 discutit
365 941 454 1001 inlita.
484 940 605 1020 prodest
628 949 658 1000 et
678 951 779 1004 contm
800 943 954 1023 phalangia
976 963 1011 1006 ac
1031 957 1092 1005 ser·

95 1027 190 1105 pentis
217 1024 340 1085 admixto
365 1023 473 1098 cachry
488 1031 540 1084 aut
560 1023 641 1102 polio
667 1034 715 1085 ιιι
734 1026 956 1105 melissophyllo
976 1031 1005 1089 lu
1024 1031 1118 1088 rino?

60 1119 86 1160 1⁰
99 1114 177 1188 pota,
192 1107 244 1168 sed
259 1108 465 1186 particulatim,
485 1109 618 1186 ιιιιιιιιίιιιι
630 1109 818 1170 universitate
834 1108 1019 1173 vomitionem
1032 1126 1092 1172 rno-

95 1201 152 1253 ret.
184 1191 287 1271 quade
305 1209 392 1252 causa
407 1189 561 1269 aliquando
576 1194 640 1251 cum
653 1200 717 1251 ruta
733 1191 825 1252 datur.
852 1193 985 1255 medetur
1000 1196 1070 1256 tussi
1084 1206 1136 1261 135

96 1284 126 1335 et
142 1275 344 1351 orthopnoeae
359 1290 459 1333 semen
475 1272 524 1334 val
539 1273 633 1349 radix,
647 1275 716 1333 item
731 1272 859 1336 thoracis
879 1274 929 1337 au't
942 1277 1028 1338 lienis
1043 1288 1091 1339 aut

95 1359 207 1418 renium
220 1365 268 1417 aut
281 1357 496 1430 resipueritis,
513 1356 596 1416 radix
611 1365 706 1417 antem
717 1356 821 1435 ruptis,
838 1359 996 1420 convolsis.
1026 1377 1091 1438 par·

95 1451 141 1502 tus
155 1439 410 1519 quoqneadiurut
431 1448 460 1499 et
486 1438 630 1499 secundas
650 1439 744 1517 pellit.
777 1439 860 1499 datur
882 1450 911 1501 et
926 1441 1094 1502 ischiadicis

61 1541 86 1580 ιι
99 1542 163 1584 cunr
172 1522 307 1583 crethmo
321 1523 350 1583 in
370 1523 449 1583 riuo.
481 1522 603 1583 sudores
624 1523 681 1582 ciet
702 1522 863 1598 etractus,
885 1524 952 1585 ideo
971 1524 1092 1586 indatio·

96 1625 161 1666 nem
174 1606 315 1667 stomachi
331 1605 456 1681 discutit,
476 1606 596 1666 volnera
613 1604 648 1666 ad
664 1607 829 1667 cicatricem
846 1606 987 1687 perducit.
1021 1626 1072 1668 ex·
1085 1619 1137 1674 136

96 1691 226 1769 primitur
241 1699 273 1749 et<
286 1707 374 1751 sucus
386 1689 479 1750 radici
492 1689 570 1750 utilis
585 1689 700 1751 lerninis
717 1698 747 1751 et
762 1690 890 1751 thoracis
906 1692 1093 1772 praecordio-

96 1791 216 1852 rumque
242 1773 421 1850 desideriis‚'
441 1773 559 1833 calfacit
586 1774 662 1834 eninr
693 1774 899 1852 et'concoquit
925 1784 955 1836 et
977 1784 1092 1856 purgat.

98 1875 196 1918 semen
211 1856 397 1936 peculiariter
410 1856 579 1936 hydropicis
595 1856 677 1919 datur
687 1867 771 1936 potu,
787 1857 891 1935 quihus
907 1868 935 1918 et
949 1874 1037 1920 sucus
1051 1861 1092 1919 in-

62 1952 88 1993 20
99 1942 199 2001 linitur
211 1949 241 2000 et
256 1941 427 2018 malagmate
451 1959 469 1999 e
487 1942 605 2001 cortice-
621 1941 711 2001 arido.
734 1951 774 2001 e.-t
787 1938 823 2000 ad
839 1942 963 2018 opsonia
982 1951 1095 2002 utuntur

99 2042 163 2084 cum
177 2023 270 2084 mulso
280 2032 311 2083 et
325 2024 405 2083 oleo
409 2032 439 2082 et
449 2041 534 2101 garo,
548 2040 681 2083 maxume
692 2024 721 2083 in
734 2023 820 2083 elixis
833 2024 976 2084 carnibus.
995 2025 1094 2086 Sinon

100 2107 307 2168 concoctiones
321 2107 392 2166 lacit
406 2124 514 2185 sapore
529 2107 672 2167 simillima
688 2107 792 2215 piperi.
828 2105 955 2167 cadero
946 2106 1093 2168 indolere

99 2189 238 2251 stomachi
250 2189 369 2249 ellicax

163 2273 250 2351 (110.
253 2273 268 2351 )
284 2273 631 2352 Telephionporcillacae
643 2273 744 2333 slmilis
757 2281 802 2333 est
814 2273 933 2334 etcaule
943 2282 973 2334 et
985 2274 1073 2334 loliis
1085 2282 1136 2340 137

63 2373 89 2413 ιι
100 2357 170 2415 rami
184 2374 201 2416 a
214 2357 313 2416 radice
328 2359 441 2436 septeni
456 2359 593 2417 octonire
607 2358 744 2416 fruticant
758 2357 837 2416 loliis
852 2359 977 2434 crassis,
994 2372 1094 2419 carno·

99 2441 148 2500 sis.
181 2441 334 2500 nascitur
325 2458 355 2499 ιιι
370 2438 454 2500 cultis
470 2449 500 2499 et
519 2438 652 2498 maxume
666 2440 741 2499 inter
755 2441 831 2498 ritis.
863 2440 990 2501 inlinitur
1010 2441 1094 2501 lenti·

99 2523 159 2600 gini
176 2530 215 2598 et,
232 2540 295 2583 cnm
308 2522 420 2596 inaruit,
431 2521 579 2581 deteritur.
599 2521 725 2580 inlinitur
740 2529 770 2582 et
783 2520 914 2598 vitiligini
930 2523 1020 2582 ternis
1031 2523 1095 2583 lere

99 2605 256 2679 mensibus,
273 2605 351 2664 senis
365 2604 445 2663 horis
461 2604 554 2663 noctis
567 2613 615 2663 aut
628 2603 695 2679 diei,
710 2613 814 2681 postea
825 2603 916 2665 farina
927 2603 1094 2666 hordeacea

98 2688 243 2749 inlinatur.
270 2686 401 2746 medetur
416 2690 446 2746 ei
459 2686 626 2746 uolneribus
643 2694 673 2745 at
686 2685 800 2746 listulis.

64 2789 91 2832 ao
163 2771 268 2851 (111.)
289 2769 496 2830 Trichomanes
517 2770 633 2830 adianto
654 2769 754 2830 similia
775 2778 834 2846 est,
861 2770 964 2831 exilius
987 2770 1074 2831 modo
1086 2780 1139 2838 133

100 2857 279 2934 nimiusque,
295 2854 374 2914 loliis
392 2853 547 2915 lenticulae
561 2853 667 2929 densis,
682 2855 797 2931 amaris,
814 2852 944 2914 adversis
961 2857 1036 2915 iuter
1050 2874 1093 2916 sa.

100 2940 253 3001 decoctum
272 2939 335 2998 eius
353 2938 535 3015 strangurias·
547 2944 629 2999 sanat
651 2939 680 2997 in
699 2938 766 2997 vino
789 2935 856 2997 alltc
877 2947 976 3017 potum
996 2939 1095 3001 addito
1118 2948 1122 2987 ῑ

101 3025 212 3084 cunrino
240 3023 359 3086 rustico.
391 3039 471 3087 esum
492 3020 610 3082 cohibet
631 3020 754 3101 capillos
775 3020 907 3100 liuentis,
935 3031 983 3082 aut
1005 3024 1029 3082 si
1052 3023 1095 3083 ei·

101 3108 235 3168 duxerint
241 3114 397 3184 „raparat
412 3105 620 3184 alopeciasque
633 3105 735 3165 densat
749 3106 844 3166 tritum
865 3114 895 3165 et
917 3105 946 3165 in
968 3105 1061 3165 oleo
1052 3122 1095 3164 rn-

66 3191 189 3250 rulitum.
220 3196 414 3250 sternumenta
429 3205 547 3266 quoque
554 3194 676 3266 gustatu
688 3197 797 3249 moret:
897 3202 900 3209 ·

164 3273 195 3350 (l
204 3271 284 3352 12.)
291 3271 467 3333 Thalictrum
480 3271 559 3330 lolia
569 3270 711 3332 coriandri
728 3270 816 3333 hahet
829 3271 980 3349 pinguiora
993 3268 1093 3348 paulo,

103 3355 213 3416 caulem
226 3356 393 3435 papaveris.
423 3355 551 3416 nascitur
565 3352 687 3433 ubique,
710 3355 868 3433 praecipue
883 3355 912 3414 in
926 3350 1093 3431 campestri·

102 3438 166 3499 hus.
196 3439 347 3500 medentur
359 3436 506 3499 ulceribus
520 3436 592 3499 lolia
608 3456 673 3500 cum
688 3437 784 3498 melle.
