2400 3840
249 214 330 261 neu.
346 214 436 262 assu.
453 215 576 261 xxvm.
593 212 636 265 12.
652 203 799 281 (so-53.)
988 204 1042 265 191

55 370 214 446 ulceraque
229 366 361 442 butyrum
384 360 525 428 emendat.
556 369 666 446 spinam
689 368 802 428 aliudve
824 367 891 447 quid
914 367 1045 429 faucibus

54 453 216 513 adhaerens
236 451 303 511 ielis
319 453 499 510 extrinsecus
516 452 582 511 iimo
600 450 761 531 perfricatis
776 461 823 512 aut
838 452 919 511 reddi
935 461 981 511 aut
996 451 1044 511 de-

57 537 116 596 labi
134 536 255 595 tradunt.
285 543 407 594 strumas
423 535 538 593 discutit
557 535 605 594 vel
625 553 762 612 aprunum
783 535 830 594 vel
851 534 986 594 bubulum
1003 544 1044 593 te·

56 619 152 697 pidum
167 620 285 679 inlitum.
316 636 380 677 uam
399 618 552 694 coagulum
567 618 679 698 leporis
701 637 717 677 e
733 620 800 677 vino
816 621 843 677 in
860 618 980 677 linteolo
996 637 1044 677 ex-

29 703 193 765 culceratis
211 701 356 761 dumtaxat
376 702 531 778 inponitur.
562 702 676 761 discutit
697 711 726 760 et
746 701 869 778 ungulae
889 702 960 760 asini
978 701 1023 760 vel
1037 711 1085 765 191

57 787 122 862 equi
139 786 209 843 cinis
225 802 262 842 ex
277 783 344 843 oleo
360 785 407 844 vel
423 803 497 863 aqua
512 785 606 844 inlitus
624 794 653 844 et
667 786 746 844 urina
758 784 899 844 calefacta
915 793 943 842 et
961 783 1045 843 bovis

55 868 180 944 ungulae
196 868 267 926 einis
283 885 319 925 ex
335 886 418 945 aqua,
436 871 529 929 fimum
545 885 660 947 quoque
674 867 791 928 fervens
807 886 845 926 ex
860 876 954 944 aceto,
978 870 1046 927 item

56 951 157 1011 sebum
183 953 330 1029 caprinum
355 969 418 1012 cum
439 953 519 1013 calae
541 961 589 1011 aut
609 952 703 1010 limum
724 969 761 1010 ex
785 961 869 1010 aceto
893 950 1046 1009 decoctum

55 1044 205 1112 testesque
221 1034 342 1110 volpiui.
373 1036 493 1113 prodest
514 1044 543 1094 et
559 1050 648 1111 sepo,
674 1033 818 1093 Gallorum
833 1034 889 1093 boo
903 1035 1046 1094 inventurn

19 1140 45 1181 so
57 1118 204 1178 rutilandis
220 1117 344 1196 capillis.
383 1119 414 1178 iit
430 1137 467 1177 ex
484 1116 557 1176 sebo
574 1127 603 1176 et
623 1118 738 1189 cinere,
760 1125 893 1194 optumus
904 1116 1002 1193 fagino
1018 1126 1047 1176 et

57 1203 214 1276 carpineo,
238 1200 349 1260 duobus
362 1200 471 1276 modis,
493 1201 603 1276 spissus
619 1216 653 1258 ao
668 1198 807 1276 liquidus,
833 1209 954 1278 uterque
970 1201 1045 1278 apud

56 1284 215 1343 Germanos
229 1285 338 1342 maiore
353 1286 382 1341 in
396 1302 449 1343 usu
464 1284 532 1341 viris
547 1300 630 1359 quam
648 1281 770 1339 leminis.

117 1367 200 1442 (52.)
225 1365 377 1425 cervicum
394 1366 511 1425 dolores
528 1363 631 1440 butyro
649 1373 697 1422 aut
710 1364 794 1441 adipe
814 1367 911 1424 ursino
928 1366 1090 1443 periri-192

57 1459 172 1522 centur,
197 1451 312 1523 rigores
327 1448 434 1507 bubulo
457 1447 545 1521 sebo,
568 1447 646 1526 quod
668 1456 696 1506 et
712 1448 825 1506 strumis
846 1447 965 1525 prodest
985 1467 1048 1507 oum

21 1551 46 1592 as
60 1532 137 1592 oleo.
169 1532 299 1591 dolorem
316 1530 510 1606 inflexibilem,
523 1564 567 1576 -
582 1529 789 1608 opisthotonon
809 1540 929 1605 vocant,
944 1564 987 1577 -
1007 1533 1048 1591 le-

58 1625 105 1674 uat
127 1616 206 1674 urina
230 1633 336 1693 caprae
358 1614 472 1674 auribus
487 1613 579 1674 inlusa
600 1623 648 1673 eut
670 1616 762 1674 limum
782 1633 845 1674 oum
867 1614 962 1674 bulbis
984 1615 1046 1674 inli-

57 1710 131 1772 tum,
155 1701 257 1774 unguis
285 1707 440 1758 contunsos
461 1698 727 1776 iol‘cuiuscumque
748 1699 878 1760 animalis
906 1699 1047 1758 circumli-

56 1792 169 1859 gatum,
194 1784 325 1860 pterygia
343 1782 496 1858 digitorum
515 1781 555 1840 iel
577 1784 649 1842 tauri
668 1782 775 1843 aridum
790 1801 863 1862 aqua
879 1781 972 1842 calida
992 1782 1048 1841 dis·

57 1866 190 1924 solutum.
234 1866 345 1944 quidam
370 1866 493 1925 adiciunt
521 1865 622 1943 sulpur
645 1875 674 1924 et
696 1866 808 1924 alumen
830 1869 891 1945 pari
919 1866 1048 1943 pondere

22 1966 189 2008 momorum.

120 2031 204 2110 (53.)
225 2033 337 2092 Tussim
352 2034 433 2090 iocur
448 2031 509 2108 lupi
524 2049 561 2090 er
577 2034 643 2090 rino
659 2031 758 2109 tepido
780 2040 876 2106 sanat,
900 2034 1026 2090 ursinum
1039 2043 1091 2096 193

56 2116 97 2175 iel
114 2116 239 2175 admixto
255 2116 341 2175 melle
362 2124 409 2173 aut
424 2133 462 2174 ex
476 2132 582 2174 cornus
603 2114 701 2174 bubuli
723 2116 838 2174 summis
856 2114 984 2191 partibus
1010 2117 1047 2174 ci-

56 2202 115 2274 nis,
139 2200 187 2258 vel
205 2200 294 2259 saliva
309 2199 377 2276 equi
394 2198 487 2258 triduo
504 2206 588 2276 pota,
607 2231 650 2245 —-
672 2217 753 2258 eoum
774 2199 847 2257 mori
868 2198 981 2258 tradunt
994 2231 1046 2274 ·-‚

57 2283 154 2360 pulmo
171 2286 301 2343 cervinus
318 2300 381 2341 cum
400 2282 468 2357 gula
480 2301 532 2342 sua
550 2282 695 2342 arefactus
709 2285 737 2342 in
752 2283 845 2356 fumo,
865 2281 930 2340 dein
950 2291 1048 2342 tunsus

22 2391 48 2430 25
61 2385 99 2424 ex
115 2366 201 2424 melle
216 2367 357 2426 cotidiano
375 2365 537 2441 ecligmate.
559 2366 707 2426 efficacior
723 2376 767 2425 est
781 2366 817 2425 ad
832 2365 860 2424 id
871 2365 973 2425 subulo
987 2385 1048 2424 oer-

56 2447 156 2508 vo'rum
171 2452 297 2524 generis.
328 2451 495 2525 sanguinem
511 2458 687 2527 exspuentes
704 2451 812 2507 cervini
829 2466 934 2507 cornus
950 2450 1092 2525 cinis,194

57 2531 209 2606 coagulum
224 2531 334 2607 leporis
348 2533 431 2590 tertia
447 2540 529 2608 parte
545 2532 642 2590 denari
658 2550 719 2590 oum
736 2539 811 2590 terra
827 2531 920 2589 Samia
937 2539 965 2589 et
981 2533 1048 2589 vino

56 2623 167 2686 myrteo
184 2621 281 2689 potum
296 2623 387 2686 sanat,
405 2613 533 2672 eiusdem
548 2614 604 2672 limi
620 2614 690 2671 cinis
706 2614 733 2670 in
744 2615 815 2672 ¹vino
830 2614 947 2690 vesperi
963 2621 1048 2690 potus

57 2705 212 2756 nocturnas
230 2699 328 2774 tussis,
347 2696 396 2775 pili
413 2713 528 2774 quoque
543 2695 652 2773 leporis
669 2696 757 2755 suiliti
772 2695 923 2755 extrahunt
938 2695 1048 2773 pulmo·

22 2805 47 2844 so
57 2780 139 2839 nibus
152 2777 276 2837 difficilis
288 2782 516 2839 exscreationes.
533 2779 697 2856 purulentas
709 2788 802 2839 autem
816 2779 1048 2838 exulcerationes

58 2864 186 2941 pectoris
202 2862 402 2941 pulmonisque
421 2872 450 2922 et
464 2881 480 2922 a
495 2863 630 2941 pulmone
645 2863 871 2939 graveolentiam
883 2863 986 2922 halitus
999 2863 1047 2922 bu·

56 2956 148 3020 tyrum
165 2946 367 3006 efficacissime
383 2949 461 3006 iuvat
475 2964 538 3008 cum
554 2948 617 3025 pari
637 2946 722 3006 modo
738 2948 832 3007 mellis
851 2947 940 3006 Attici
960 2947 1047 3006 deco-

57 3038 132 3087 ctum
147 3029 242 3088 donec
259 3031 386 3090 rufescat
401 3040 430 3090 et
447 3033 589 3091 matutinis
607 3039 747 3107 sumptum
764 3031 798 3090 ad
817 3048 978 3090 mensuram
996 3031 1046 3090 lin·

56 3112 152 3186 gulae.
185 3112 298 3190 quidam
317 3131 371 3191 pro
391 3113 477 3173 melle
498 3115 594 3174 laricis
615 3115 738 3173 resinam
761 3114 868 3173 addere
889 3114 1027 3172 maluere.
1041 3123 1092 3176 195

20 3221 47 3261 35
60 3195 83 3252 si
100 3197 216 3272 sanguis
237 3197 388 3272 reiciatur,
410 3196 560 3256 eilicacem
581 3197 694 3257 tradunt
715 3196 848 3256 bubulum
869 3197 1047 3272 sauguinem,

56 3277 168 3338 modice
185 3288 292 3339 etcum
309 3287 394 3340 aceto
412 3289 568 3356 sumptum,
594 3298 658 3338 nam
677 3280 713 3338 de
736 3281 845 3339 taurino
861 3279 983 3338 credere
1006 3287 1047 3336 te-

56 3363 206 3421 merarium
223 3373 276 3423 est.
309 3362 362 3423 sed
380 3362 518 3439 glutinum
539 3364 679 3422 taurinum
694 3363 784 3422 tribus
800 3363 894 3421 obolis
919 3380 981 3420 oum
1002 3378 1047 3420 ca·

56 3442 113 3502 lida
129 3460 202 3524 aqua
218 3446 322 3506 bibitur
337 3448 365 3506 in
380 3455 480 3505 vetere
500 3447 646 3521 sanguinis
665 3447 880 3506 exscreatione.
