2400 3840
117 177 176 243 tm
453 185 484 234 e.
501 185 597 237 remu
610 184 760 241 seucum

115 350 216 419 gustus
230 339 325 403 calidi.
356 342 483 401 nascitur
502 341 532 399 in
552 339 658 417 apricis
673 340 761 405 sarit.
798 338 913 405 diluitur
936 340 966 399 in
980 338 1047 401 uino
1062 337 1105 399 bi·

114 426 249 505 bitnrque
270 423 308 489 ed
328 423 458 489 dolorem
478 423 584 484 uoluae
607 430 638 483 et
656 422 734 483 vitia.
771 422 912 484 macerari
937 430 1056 501 oportet
1076 423 1106 482 in

114 507 249 571 sextariis
264 506 356 569 tribus
370 507 558 587 quadrantem
572 505 678 571 radicis
695 514 797 567 tunsae
810 514 897 569 nocte
914 513 942 575 et
957 504 1015 567 die.
1048 514 1105 566 tra·

114 592 155 654 bit
169 590 270 658 eadem
290 591 372 670 petio
392 600 422 653 et
436 590 592 666 secundas,
606 590 715 651 semine
729 589 776 651 lae
791 590 922 657 minuitur
935 589 964 649 in
978 589 1046 649 rino
1058 597 1107 651 unt

113 674 205 735 mulsa
219 691 292 754 aqua
306 683 388 753 peto.
1117 691 1132 732 a

72 769 105 833 61
178 760 263 838 (39.)
287 757 402 821 cirsion
418 756 574 818 cauliculus
590 763 635 815 est
656 763 739 815 tener
754 756 838 817 duum
855 754 1032 831 cubitorum,
1057 756 1106 815 tri·

114 841 359 920 anguicomus,
388 839 611 918 loliisspincsis
633 838 833 902 circumdatos.
880 839 980 918 spinae
1000 837 1108 898 molles

114 933 189 988 sont.
214 924 283 984 lolia
298 923 383 989 boris
396 923 513 1001 linquae
529 923 641 998 similia,
656 923 783 1000 minora,
798 921 990 998 subcandida,
1014 922 1044 982 in
1059 938 1107 981 ca·

115 1009 227 1069 cumine
241 1007 366 1085 capitula
382 1024 529 1086 purpurea
544 1024 618 1087 quae
635 1004 785 1067 solventur
801 1007 829 1066 in
846 1005 1006 1082 lanugines.
1031 1003 1109 1067 hunc

114 1089 233 1161 herbam
248 1089 412 1160 radicemve
435 1091 498 1161 eiua
517 1089 700 1167 adalligatam
720 1089 839 1151 dolores
857 1090 986 1149 varicum
1001 1102 1143 1151 sanarem

113 1173 236 1234 madunt.

73 1267 106 1333 §2
180 1257 263 1336 (40.)
284 1255 489 1335 Grataeqouon
503 1257 603 1336 splene
617 1256 703 1326 tritici
723 1256 816 1326 simile
832 1264 895 1331 est,
915 1254 1011 1324 multis
1030 1254 1108 1316 cala·

114 1339 167 1399 mis
180 1358 286 1411 eruca
300 1341 399 1413 radice
414 1340 601 1411 emicantibus
616 1339 826 1418 multorumque
840 1339 1056 1416 geniculorum,
1079 1338 1110 1397 in

116 1425 225 1502 opacis,
241 1425 351 1497 semine
363 1424 634 1504 mili‚‘rebementer
644 1440 751 1502 aspero
765 1432 860 1501 gustu,
877 1421 994 1501 quodsi
1009 1419 1110 1481 bibunt

115 1525 153 1567 ex
167 1509 235 1567 vino
255 1517 321 1570 ante
343 1526 443 1569 cenam
465 1507 558 1577 tribus
581 1506 676 1568 obolis
696 1508 724 1577 in
746 1506 858 1582 cyathis
877 1523 969 1587 aquae
988 1502 1108 1563 totidem
1119 1516 1147 1559 tu

114 1590 216 1651 mulier
227 1609 263 1650 ac
279 1593 322 1651 vir
334 1602 399 1652 ante
414 1598 587 1668 conceptum
598 1589 700 1661 diebus
713 1590 773 1666 XL,
790 1590 881 1650 virilis
893 1607 981 1650 sexus
997 1595 1110 1666 partum
1171 1652 1175 1658 ,

114 1674 236 1732 futurum
252 1673 339 1733 aiunt.
379 1673 416 1734 ldt
431 1674 488 1735 alia
503 1683 548 1734 est
563 1682 754 1751 crataegonon
775 1691 849 1752 quae
863 1673 1040 1750 thelygonos
1056 1687 1108 1730 vo·-

72 1764 205 1823 secatur.
235 1755 395 1817 differentia
410 1756 586 1832 intellegitur
597 1756 714 1827 lenitate
727 1765 838 1833 gustus.
862 1765 927 1817 sunt
941 1755 989 1834 qui
1007 1753 1110 1814 llorem

116 1839 285 1916 crataegoni
307 1837 432 1900 bibentis
452 1839 587 1901 mulieres
603 1841 675 1909 intra
694 1838 753 1901 XL.
775 1839 850 1901 diem
871 1841 1028 1918 concipere
1051 1845 1109 1897 tru-

114 1922 191 1982 dant.
218 1921 323 1983 eadem
345 1932 446 1985 sanant
460 1922 559 1984 ulcera
577 1932 676 1983 vetera
692 1925 775 2000 nigra
790 1941 853 1982 cum
868 1922 972 1995 melle,
988 1919 1109 2001 explent
1118 1935 1147 1979 tu

114 2008 193 2067 sinus
213 2006 341 2069 ulcerum
366 2016 395 2067 et
416 2006 538 2085 atropha
556 2009 724 2068 carnosiora
739 2007 863 2082 laniunt,
887 2005 1037 2085 purulenta
1059 2022 1108 2064 ex·

115 2099 254 2168 purgant,
270 2107 373 2170 >panos
388 2091 556 2166 discutiunt,
579 2089 724 2168 podagras
746 2089 994 2168 collectionesque
1018 2089 1110 2149 omnis

114 2172 231 2249 leniunt,
247 2174 433 2251 peculiariter
442 2190 633 2235 mammarum.
655 2172 873 2251 Theophrastus
891 2170 1002 2232 arboris
1017 2189 1111 2248 genus

115 2255 246 2331 intellegi
262 2257 354 2317 voluit
373 2266 531 2333 crataegon
547 2258 610 2315 sive
625 2264 816 2332 crataegona‚
839 2274 923 2335 quam
944 2254 1008 2315 ltali
1028 2255 1109 2334 aqui·

113 2335 212 2397 ioliam
228 2349 344 2401 vocant.
1119 2359 1148 2405 aa

72 2427 107 2483 et
180 2419 262 2499 (41.)
286 2420 482 2483 crocodileon
500 2421 713 2484 chamaeleonis
732 2421 842 2483 herbae
865 2422 967 2499 nigrae
988 2422 1110 2498 figuram

114 2500 212 2581 babet,
226 2505 324 2567 radice
340 2508 428 2585 longa
444 2507 604 2585 aequaliter
618 2524 728 2583 crassa,
745 2507 844 2567 odoris
859 2507 968 2584 asperi,
983 2505 1111 2564 nascitur

116 2588 145 2647 in
160 2586 306 2649 tabulatis.
339 2600 409 2669 pota
423 2592 591 2668 sanguinem
606 2608 660 2669 per
674 2592 751 2654 naris
764 2589 849 2667 pellit
862 2589 1013 2668 copiosum
1029 2605 1109 2647 cras·

115 2689 236 2752 eumque
251 2680 338 2751 atque
354 2676 393 2734 itu
407 2674 500 2735 lienes
519 2691 691 2735 consumere
704 2673 817 2735 dicitur.

71 2763 104 2818 65
181 2754 263 2835 (42.)
284 2754 492 2831 Cynosorchim
500 2757 587 2834 aliqui
599 2756 708 2817 orchim
716 2763 832 2831 vocant,
844 2755 922 2815 loliis
934 2754 1029 2830 oleae,
1037 2753 1108 2815 mol·
1118 2771 1147 2815 ae

113 2838 200 2912 libus,
221 2841 312 2898 ternis
328 2857 381 2919 per
396 2838 574 2918 semipedem
587 2839 773 2917 longitudinis
789 2840 909 2899 interra
927 2839 1042 2913 stratis,
1064 2854 1109 2897 ra·

113 2918 177 2979 dioc
192 2919 325 2997 bulbum,
343 2921 481 3000 oblonga,
497 2922 605 3001 duplici
623 2922 735 2996 ordine,
752 2924 905 3001 superiore
920 2939 994 2999 qnae
1009 2920 1110 2981 durior

113 3011 168 3076 est,
185 3002 324 3064 inferiore
339 3022 413 3083 quae
425 3006 552 3066 mollior.
572 3004 691 3067 eduntur
706 3014 737 3066 ut
753 3004 832 3068 bulbi
848 3014 961 3081 coctae,
974 3006 1003 3065 io
1015 3004 1110 3063 vineis

112 3084 176 3146 iere
197 3085 339 3146 iuventae.
384 3107 422 3148 ex
436 3087 482 3148 bis
502 3088 648 3149 radicibus
663 3089 688 3151 si
702 3090 841 3150 maiorem
859 3087 944 3149 edant
959 3088 1030 3163 viri,
1051 3104 1109 3147 ma·

112 3169 151 3228 ris
166 3170 302 3246 generari
316 3169 430 3246 dicunt,
448 3173 472 3231 si
489 3174 629 3233 minorem
645 3174 784 3248 feminae,
801 3172 922 3232 alterum
940 3188 1051 3232 sexum.
1080 3170 1146 3231 inat

113 3250 263 3314 l'bessulla
277 3252 439 3317 molliorem
460 3258 489 3318 in
504 3256 580 3318 lacte
596 3256 715 3336 caprino
729 3256 785 3316 riri
797 3255 898 3316 bibunt
913 3254 948 3314 ad
963 3253 1110 3314 stimulan-

112 3333 165 3479 dps
180 3336 284 3412 coitus,
299 3335 444 3401 duriorem
461 3358 533 3401 uero
548 3339 585 3401 ad
602 3338 784 3399 inhibendos.
815 3338 1003 3399 adversantur
1017 3335 1111 3399 altera

112 3421 204 3480 ateri.
