2400 3840
330 210 703 266 unu.n1su.xxv11.1o
721 204 872 283 (eu-91.)
1029 202 1088 264 llo

154 372 242 453 (89.)
263 373 344 447 Onys
359 372 429 432 loliu
446 381 529 431 terna
546 368 644 430 habet
670 370 751 430 datur
763 371 798 430 ad
816 370 993 431 stomachum
1009 369 1065 428 dis·
1075 379 1131 433 112

96 458 229 519 solutum
264 456 362 516 edunt
369 458 460 534 etqui
475 454 665 515 enterocelen
679 453 794 514 habeut.
862 470 865 475 ’

157 541 239 620 (90.)
263 530 510 615 Polyanthemum,
521 552 604 637 quam
616 537 730 615 quidam
742 537 911 599 batrachidn
927 537 1102 616 appellant,

95 626 222 685 caustica
231 640 259 682 vr
252 622 421 683 'exulcerat
434 623 586 683 cicatrices
603 629 632 680 ct
643 622 679 682 ad
693 621 823 682 colorem
835 623 956 697 reducit,
973 620 1087 680 eadem

71 725 153 786 uque
171 707 327 784 vitiligines
344 714 552 786 concorporat

159 791 241 869 (ot)
263 790 444 868 Polygonum
464 784 569 851 Graeci
596 798 703 849 vocant
728 807 812 867 quam
833 806 888 848 nos
916 788 1132 887 courgetur-113

93 874 173 934 riam.
196 882 255 933 nou
271 874 409 935 attollitur
422 891 438 935 a
450 882 538 949 terra,
555 871 740 949 foliisrutae,
759 873 858 932 similis
874 873 1020 949 graminis.
1043 888 1089 932 su·

95 959 224 1018 euscius
243 958 354 1018 infusus
373 955 489 1018 nuribus
509 957 663 1035 supprimit
676 958 844 1034 sanguinem
868 964 897 1014 et
918 965 1004 1034 potus
1022 972 1088 1015 cum

94 1044 160 1101 vino
183 1040 335 1101 cuiuslibet
351 1042 441 1120 partis
462 1040 633 1119 profluvium
654 1042 931 1119 exscreationesque
954 1048 1089 1100 cruentas

62 1124 213 1186 miuhibet.
242 1119 298 1200 Qui
315 1124 397 1204 plura
412 1140 523 1201 genera
544 1123 685 1201 polygoni
701 1124 809 1183 iaciunt
825 1124 901 1184 hanc
920 1141 1028 1184 marem
1048 1123 1089 1182 in-

11 1236 20 1249 ·
94 1209 196 1285 tellegi
212 1208 314 1267 volunt
335 1207 536 1285 appellarique
559 1204 770 1266 amultitudine
792 1209 908 1266 seminis
931 1216 979 1267 aut
994 1205 1088 1267 densi·

95 1301 154 1352 tate
169 1292 298 1368 fruticis,
322 1290 369 1349 alii
384 1291 617 1368 polygonatcna
634 1288 797 1366 frequentia
811 1290 1024 1367 geniculorum,
1040 1288 1089 1349 alii

93 1373 261 1449 teuthalida,
279 1372 327 1432 alii
344 1373 556 1447 carcinothron,
574 1373 623 1432 alii
638 1372 744 1449 clema,
759 1372 838 1431 multi
857 1373 1088 1450 myrtopetalunr.

95 1473 222 1516 necnon
242 1457 422 1516 inveniuntur
441 1458 488 1534 qui
508 1456 583 1516 hauc
602 1456 735 1515 feminam
759 1474 826 1515 esse
850 1455 961 1531 dicant,
983 1470 1090 1514 marem
1117 1511 1120 1516 .

60 1561 86 1600 ιι
96 1549 190 1600 autem
205 1540 343 1600 maiorem
358 1543 508 1618 minusque
525 1543 636 1617 nigrant
651 1546 680 1597 et
698 1539 840 1616 geniculis
855 1539 1027 1614 densiorem,
1044 1555 1089 1597 se·

95 1625 170 1683 mine
192 1622 245 1683 sub
270 1620 401 1683 omnibus
424 1623 503 1684 loliis
529 1631 761 1724 turgescentem..
796 1640 977 1702 quocumque
993 1621 1070 1682 <haec
1082 1629 1133 1684 114

95 1707 181 1768 modo
204 1724 238 1766 se
264 1706 404 1784 habeant,
435 1709 480 1767 vis
502 1725 598 1767 earum
627 1716 672 1766 est
690 1709 819 1787 spissare
846 1724 881 1767 ac
901 1707 1089 1785 refrigerare

96 1793 204 1852 semina
220 1791 316 1852 alvum
335 1791 452 1851 solvont
454 1791 589 1869 ,largius
603 1801 716 1870 sumpta
730 1793 837 1851 urinam
849 1793 942 1867 cient,
958 1790 1075 1850 rheuma

96 1878 197 1936 tismos
212 1873 366 1950 cohibent,
392 1877 440 1954 qui
467 1876 492 1934 si
505 1891 564 1935 uon
587 1874 685 1949 luere,
707 1893 765 1934 nou
786 1884 916 1954 prosunt
951 1873 1089 1933 stomachi

60 1977 86 2018 ac
96 1960 205 2019 terrori
220 1958 312 2018 lolia
304 1968 490 2036 inponuntur,
511 1959 628 2018 uesicae
643 1958 736 2018 dolori
751 1959 906 2018 inlinuntur
925 1967 954 2017 et
974 1955 1089 2034 ignibus

97 2043 198 2102 sacris.
238 2059 324 2101 sucus
344 2051 374 2101 et
398 2041 514 2102 auribus
535 2038 694 2122 purulentis
714 2041 868 2110 instillatur
889 2050 917 2101 et
939 2040 1089 2100 oculorum

98 2125 192 2185 dolori
209 2142 262 2204 per
277 2141 320 2185 se.
351 2125 461 2186 datutur
485 2132 513 2184 et
532 2128 561 2185 iu
581 2124 710 2184 febribus
731 2133 799 2183 aute
815 2125 1003 2185 accessiones
1019 2123 1088 2182 duc·

97 2208 150 2266 hus
167 2207 279 2282 cyathis
294 2210 322 2267 in
338 2209 467 2270 tertianis
491 2209 693 2287 quartanisque
709 2209 882 2288 praecipue,
905 2209 972 2266 item
989 2206 1088 2267 chole-

97 2291 182 2367 ricis,
202 2291 384 2366 dysintericis
399 2302 429 2352 et
441 2293 471 2351 in
487 2292 631 2353 solutione
648 2292 797 2353 stomachi.
828 2288 953 2352 Tertium
975 2308 1069 2368 genus
1080 2301 1131 2355 115

63 2375 179 2441 ssoricn
191 2385 297 2437 vocant
316 2377 345 2436 in
364 2375 509 2437 montibus
524 2392 663 2451 nascens,
679 2374 827 2436 harundini
846 2385 964 2435 tenerae
985 2374 1087 2451 simile,

98 2475 152 2518 uno
169 2458 268 2534 caule,
286 2458 384 2519 densis
399 2458 543 2537 geniculis
562 2458 635 2518 etin
653 2476 686 2516 se
704 2459 823 2533 lrac'tis,
841 2459 920 2518 loliis
935 2467 1029 2518 autem
1045 2458 1088 2536 pi·

98 2558 187 2616 ceae,
201 2541 308 2600 radicis
328 2538 544 2619 supervacuae,
561 2540 739 2600 inellicaciu's
754 2558 838 2619 quam
852 2542 1020 2620 superiora,
1038 2558 1088 2618 pe-

98 2623 386 2683 culiareischiadicis.
403 2624 540 2698 Quartum
547 2640 641 2700 genus
653 2623 969 2702 siluestreappellatur,
978 2633 1131 2700 paecelto

98 2705 212 2766 arboris
226 2706 313 2767 modo
328 2706 441 2783 frutex,
459 2706 702 2784 radiceligncsa,
718 2709 809 2786 stirpe
825 2706 904 2767 cedri
921 2704 1088 2786 rubicundo,

62 2791 183 2853 scrumis
199 2789 289 2869 sparti
304 2789 399 2850 binum
417 2790 584 2870 palmorum,
600 2791 689 2868 nigris
706 2790 904 2869 geniculorum
915 2791 1004 2863 ternis
1019 2808 1087 2871 qua·

98 2874 225 2933 ternisve
241 2875 378 2935 articulis.
407 2873 473 2935 huic
487 2871 604 2955 quoque
618 2876 761 2953 spissandi
775 2883 891 2951 natura,
913 2893 1003 2956 sapor
1020 2874 1088 2935 mali

98 2958 224 3017 cotonei.
255 2957 427 3038 decoquitur
448 2960 476 3019 in
496 2956 629 3038 aqua'ad
650 2958 751 3020 tertias
771 2967 819 3020 aut
842 2958 912 3020 aridi
932 2960 1024 3021 lerina
1045 2959 1087 3017 iu-

98 3041 246 3119 spergitur
263 3052 292 3103 et
306 3046 365 3104 oris
377 3043 523 3104 ulceribus
538 3050 569 3102 et
582 3043 684 3103 attritis
697 3042 835 3121 partibus.
856 3052 980 3123 propter
994 3043 1087 3119 gingi·
1118 3044 1122 3051 “

95 3141 195 3184 varum
208 3142 280 3185 uero
289 3127 357 3188 vitia
367 3128 431 3205 ipsa
444 3127 694 3187 conmanducatur.
717 3143 817 3187 nomas
830 3127 904 3187 sistit
916 3127 1067 3202 omniaque
1078 3133 1129 3190 11⁷

61 3228 88 3271 cu
98 3224 173 3287 quae
189 3219 308 3287 serpunt
320 3218 368 3270 aut
385 3208 532 3269 dilhcileru
547 3211 713 3270 cicatricem
727 3208 850 3286 habeut,
867 3211 999 3288 priuatim
1014 3223 1086 3266 vero

92 3300 180 3350 -sauat
202 3310 218 3350 a
239 3295 305 3352 nive
327 3293 404 3353 lacta
425 3290 550 3352 ulcera'
570 3292 697 3354 herbarii
719 3301 749 3354 et
775 3293 811 3353 ad
831 3294 951 3370 anginas
972 3298 1087 3350 utuntur

96 3372 146 3433 illa
161 3383 195 3433 et
217 3377 245 3434 iu
260 3377 364 3454 capitis
385 3375 488 3435 dclcre
505 3386 643 3437 coronam
657 3375 695 3436 ex
717 3394 752 3437 ea
774 3378 913 3453 inponunt
934 3384 964 3434 et
987 3381 1086 3434 contra

98 3456 254 3536 epiphoras
265 3459 343 3520 collo
357 3457 542 3520 circumdant.
566 3462 595 3520 in
607 3461 736 3521 tertianis
752 3458 1109 3540 quidameinismamauu
