2400 3840
167 205 209 267 20
510 220 540 267 e.
555 221 652 269 rurur
671 219 823 270 succum

124 383 158 438 st
229 371 311 452 (49.)
339 370 577 450 hyoscyaminum
593 375 767 436 emolliendo
783 375 854 436 utile
868 385 925 453 est,
941 377 1039 436 nervis
1057 377 1169 438 inutile.

167 465 266 534 potum
282 456 396 534 quidem
411 457 526 518 cerebri
538 466 631 518 motus
645 460 721 518 iacit.
738 458 949 519 Therminume
963 459 1069 538 lupinis
1082 461 1172 522 emol-

124 541 159 615 ξ),
167 541 218 618 lit,
239 558 408 619 proxumum
427 558 551 601 rosaceo
568 541 682 602 ellectu.
712 541 909 602 Narcissinum
924 542 1030 603 dictum
1045 551 1092 604 est
1108 563 1171 604 eum

167 641 220 684 suo
243 625 325 685 ilore.
361 623 559 703 Raphaninum
580 625 747 703 phthiriasis
768 625 856 703 longa
874 625 1032 686 valitudine
1056 636 1171 688 eontra·

124 717 227 773 eseias
250 709 326 769 tollit
347 709 559 786 scabritiasque
576 713 649 769 ontis
674 711 703 768 in
726 710 801 769 lacie
817 709 958 770 emendat.
991 708 1195 771 sesaminum

167 794 276 851 aurium
292 791 411 852 dolores
428 800 509 852 sanat
525 801 556 852 et
569 792 669 853 ulcera
680 810 754 871 quae
767 802 889 872 serpunt
901 801 931 855 et
941 810 1015 872 quae
1028 794 1170 855 cacoethe

123 873 156 949 ξ)
169 883 282 934 vocant.
314 875 446 953 hilinum,
472 876 549 953 qnod
569 885 600 937 et
614 876 796 937 Phaselinum
812 886 843 936 et
862 876 976 954 Syrium
990 879 1170 955 vocavimus,

166 959 286 1019 renibus
301 959 483 1019 utilissimum
497 968 544 1020 est
558 961 771 1038 sudoribusque
788 960 962 1037 evocandis,
977 961 1082 1022 volvae
1099 962 1171 1022 rnol-

167 1041 279 1102 liendae
295 1042 570 1121 concoquendisque
591 1045 676 1104 intus.
708 1043 880 1121 Selgiticum
894 1046 994 1104 nervis
1009 1044 1082 1105 utile
1100 1063 1170 1106 esse

122 1125 154 1199 gl·
169 1126 307 1203 diximus,
324 1128 398 1187 sicut
413 1127 589 1187 herbaceum
603 1146 736 1208 quoque,
753 1127 830 1205 quod
845 1127 958 1204 iguvini
977 1130 1054 1188 circa
1066 1128 1199 1193 Flami-1»

165 1211 240 1268 niam
254 1213 328 1270 viam
343 1210 478 1271 vendunt.
1062 1279 1065 1282 .

122 1302 156 1357 96
229 1294 311 1374 (50.)
342 1293 521 1372 Elaeomeli,
547 1295 624 1373 quod
646 1297 674 1355 in
695 1294 779 1372 Syria
800 1313 839 1356 err
859 1296 931 1374 ipsis
956 1295 1031 1356 olcis
1052 1314 1168 1358 manare

122 1395 151 1438 ιε,
163 1396 186 1430 ³2
208 1375 341 1454 diximus,
354 1397 461 1457 sapore
473 1380 591 1458 melleo,
603 1398 660 1440 non
672 1381 735 1440 sine
747 1381 846 1440 nausia
858 1379 953 1440 alvom
964 1379 1063 1456 solvit,
1079 1380 1169 1440 bilenr

163 1465 322 1542 praecipue
337 1462 460 1523 detrahit
479 1463 590 1524 duobus
608 1463 719 1541 cyathis
734 1465 763 1522 in
778 1464 891 1523 hemina
907 1480 999 1540 aquae
1016 1461 1102 1540 datis,
1120 1467 1168 1543 qui

163 1545 268 1606 bibere
293 1555 465 1625 torpescunt
488 1549 707 1625 excitanturque
729 1547 845 1607 crebro.
884 1555 1007 1624 potores
1028 1549 1167 1608 certaturi
1180 1559 1200 1600 ¹⁴

163 1637 350 1705 praesumunt
365 1648 404 1689 ex
423 1647 460 1690 eo
476 1630 608 1707 cyathum
624 1649 715 1690 unum.
749 1629 864 1691 Pissino
882 1630 951 1690 oleo
966 1647 1035 1690 usus
1054 1629 1090 1690 ad
1109 1639 1169 1690 tus-

164 1714 217 1769 sim
234 1721 264 1771 et
280 1712 486 1790 quadripedum
504 1714 631 1774 scabiem
647 1723 700 1773 est.

120 1804 153 1859 97
227 1796 308 1874 (51.)
338 1795 364 1854 Α
387 1797 494 1856 vitibus
517 1797 651 1875 oleisque
671 1815 810 1876 proxuma
827 1798 965 1858 nobilitas
981 1797 1092 1875 palmis.
1127 1799 1169 1859 in·

163 1878 278 1938 ebriant
291 1889 440 1956 recentes,
456 1882 558 1958 eapitis
575 1880 707 1942 dolorem
722 1881 855 1942 adierunt
869 1883 961 1941 minus
978 1882 1085 1957 siccae,
1100 1900 1168 1959 nee,

163 1970 297 2040 quantum
312 1963 443 2040 videtur,
469 1965 555 2024 utiles
572 1965 728 2026 stomacho.
766 1967 867 2025 tussim
882 1972 1076 2043 exasperant,
1102 1983 1167 2027 cor·
1196 1991 1199 2017 ι

162 2064 216 2124 pus
234 2046 321 2107 alunt.
349 2067 446 2108 sucum
462 2049 645 2109 decoctarum
660 2050 768 2128 antiqui
783 2067 837 2127 pro
852 2047 1045 2125 hydromelite
1062 2047 1168 2108 dabant

163 2133 261 2206 aegris
276 2131 312 2191 ad
329 2133 398 2191 viris
413 2132 606 2208 recreandas,
623 2134 699 2193 sitim
715 2132 880 2209 sedandam,
895 2135 925 2192 in
940 2148 998 2209 quo
1013 2149 1067 2190 usu
1083 2149 1168 2211 prae·

162 2213 297 2272 ierebant
314 2214 483 2276 Thebaicas.
517 2217 685 2293 sanguinem
699 2235 815 2294 quoque
831 2215 1053 2276 exscreantibus
1067 2215 1167 2293 utiles,

162 2298 192 2355 in
218 2297 284 2358 elbo
311 2315 451 2358 maxume.
495 2299 652 2358 inlinuntur
678 2308 815 2376 caryotae
841 2298 1007 2374 stomacho,
1038 2301 1167 2377 vesicae,

163 2381 276 2457 ventri,
299 2383 445 2441 intestinis
468 2400 532 2442 curn
551 2385 684 2444 cotoneis
701 2392 731 2444 et
746 2401 814 2444 cera
831 2393 862 2443 et
875 2400 972 2444 eroco.
1010 2383 1200 2460 suggillator

165 2464 326 2526 emendant.
370 2465 465 2527 nuclei
486 2466 641 2545 palmarum
662 2470 780 2528 cremati
805 2469 834 2527 in
858 2467 938 2527 lictili
960 2482 1038 2527 novo
1066 2468 1167 2527 cinere

163 2547 226 2608 loto
248 2551 331 2628 spodi
350 2552 443 2628 ricem
464 2551 591 2612 elliciunt
611 2552 826 2631 miscenturque
843 2551 974 2628 collyriis
989 2558 1021 2609 et
1036 2549 1168 2610 callible-

163 2632 252 2711 phara
268 2635 375 2694 iaeiuat
390 2634 486 2695 addito
502 2634 599 2696 nardo.

121 2727 156 2781 98
228 2720 255 2777 5.
288 2718 369 2797 (52.)
396 2717 491 2778 Palma
512 2736 586 2796 quae
607 2721 665 2779 iert
685 2718 902 2795 myrobalanum
916 2720 1122 2797 probatissima
1138 2720 1167 2778 in

163 2797 320 2877 Aegypto,
337 2819 405 2860 ossa
419 2819 478 2862 non
494 2801 582 2861 habet
598 2802 773 2879 reliquarum
788 2801 873 2862 modo
889 2803 918 2862 in
933 2803 1057 2880 balanis,
1071 2803 1167 2864 alvom
1181 2822 1197 2845 ‘r

164 2891 193 2940 et
210 2901 326 2943 menses
347 2886 405 2944 ciet
425 2885 455 2945 in
469 2885 537 2943 vino
553 2894 670 2945 austero
687 2893 718 2945 et
732 2886 853 2946 volnera
871 2885 1059 2964 conglutinat.

120 2976 155 3030 99
228 2966 310 3046 (53.)
345 2966 439 3028 Palma
466 2967 542 3028 elate
566 2971 629 3030 sive
654 2968 756 3048 spathe
779 2969 939 3030 medicinae
963 2971 1078 3032 confert
1101 2988 1170 3048 ger-

164 3052 256 3126 mina,
280 3050 368 3127 lolia,
384 3052 532 3112 corticem.
563 3052 633 3112 lolia
649 3053 825 3131 inponuntur
844 3054 1044 3132 praecordiis,
1062 3061 1169 3114 stoma-

163 3133 236 3209 cho,
258 3135 398 3212 ioeineri,
413 3135 560 3196 ulceribus
578 3154 651 3214 quae
667 3146 803 3216 serpunt,
821 3139 949 3197 cicatrici
965 3139 1167 3216 repugnantia.

162 3235 266 3296 psoras
281 3226 385 3279 cortex
401 3219 463 3279 eius
479 3228 564 3280 tener
578 3239 640 3281 oum
656 3222 753 3281 resina
769 3231 877 3282 atcere
890 3228 971 3280 sanat
984 3220 1087 3281 dicbus
1101 3219 1166 3281 XX.
1194 3238 1200 3259 ³

162 3302 335 3380 decoquitur
360 3311 391 3362 et
418 3302 453 3362 ad
481 3305 598 3363 testium
617 3306 695 3364 vitia.
740 3304 872 3384 capillum
894 3303 1028 3382 denigrat
1056 3305 1168 3382 suilitu,

162 3395 261 3464 partus
285 3386 418 3447 extrahit.
450 3386 532 3447 datur
556 3387 699 3448 bibendus
721 3391 832 3448 renium
847 3389 926 3449 vitiis
947 3397 978 3449 et
998 3389 1118 3449 vesicae
1137 3396 1169 3449 et

160 3470 416 3548 praecordiorum,
442 3479 473 3530 et
493 3473 579 3549 capiti
597 3480 627 3531 et
642 3472 740 3533 nervis
755 3473 894 3532 inimicus.
925 3472 1031 3534 volvae
1048 3489 1082 3535 ac
1097 3491 1168 3533 ven·
