2400 3840
126 200 166 258 44
483 208 513 256 c.
525 208 620 256 antur
636 207 787 256 sncunnr

85 374 121 428 54
193 362 272 444 (36.)
302 362 448 441 lunipirns
467 363 516 422 rel
537 371 605 422 ante
628 371 727 423 cetera
744 363 837 422 omnia
855 359 1024 434 excalfacit,
1041 367 1123 418 exte-

129 455 206 524 nuat,
223 448 313 521 cedro
329 445 400 507 alias
419 445 528 506 similis.
560 454 591 505 ct
604 444 687 505 huius
702 445 759 505 duo
776 461 897 522 genera,
913 443 1005 502 altera
1020 442 1123 519 maior,

128 531 220 592 altera
236 533 351 590 minuta.
381 538 503 607 utraque
524 547 646 590 accensa
665 530 813 607 serpentis
825 529 913 605 fugat.
947 543 1048 586 semen
1063 534 1123 585 sto·

128 613 237 691 machi,
253 614 395 693 pectoris,
413 612 513 672 lateris
528 612 679 673 doloribus
693 611 773 672 utile.
811 610 976 671 inflationes
992 608 1110 686 algores

86 710 188 776 fitque
206 698 339 773 discutit,
362 697 451 756 tussis
473 698 630 775 concoquit
650 705 681 756 et
704 696 831 755 duritias.
847 694 974 753 'inlitum
994 701 1149 755 tumoresa

130 784 223 859 sistit,
238 784 308 841 item
322 781 416 840 alvom
433 781 512 841 bacis
528 799 566 841 ex
577 783 661 858 nigro
676 782 744 840 vino
760 781 856 858 potis,
871 779 941 837 item
955 777 1064 836 ventris
1082 784 1125 834 tu-

129 883 227 925 mores
252 864 351 924 inlitis.
383 866 522 924 miscetur
551 873 581 924 et
596 863 733 923 antidotis
752 863 912 940 oxyporis,
939 862 1035 919 nrinns
1055 861 1124 920 ciet.

130 950 259 1009 inlinitur
277 944 307 1008 et
322 947 415 1007 oculis
430 950 459 1008 in
475 947 634 1028 epiphoris.
665 947 748 1007 dutnr
763 945 928 1021 convolsis,
945 946 1050 1022 ruptis,
1065 952 1126 1004 tor·

130 1033 265 1109 minibus,
284 1031 390 1109 volvis,
408 1031 573 1093 ischiadicis
591 1049 654 1091 cnm
667 1032 736 1090 vino
748 1030 817 1090 ulbo
831 1037 931 1107 potum
943 1027 1040 1106 pilulis
1058 1046 1126 1106 qna·

130 1117 223 1177 ternis
249 1123 296 1175 ant
320 1115 450 1175 decoctis
472 1117 575 1194 viginti
590 1117 620 1175 in
634 1117 712 1175 uino.
745 1122 812 1175 sunt
833 1114 881 1191 qni
897 1120 928 1172 et
942 1120 1159 1190 perunguuntro

130 1217 238 1278 corpus
254 1217 271 1259 e
288 1200 398 1263 semiue
414 1201 477 1259 cius
492 1202 523 1260 in
534 1201 715 1278 ‘serpentium
725 1201 809 1258 ictus.

87 1295 122 1349 56
195 1283 222 1343 9.
242 1283 324 1363 (37.)
354 1282 457 1343 Salicis
469 1284 577 1344 fructus
589 1291 656 1344 ante
667 1284 859 1342 maturitatem
871 1283 901 1342 in
911 1298 1043 1342 araneam
1054 1281 1125 1358 abit,

130 1368 201 1445 sed,
228 1366 255 1427 si
278 1369 359 1446 prins
385 1364 555 1446 colligatur,
587 1369 756 1445 sanguinem
779 1365 968 1426 reicientibus
992 1365 1125 1443 prodest.

129 1450 249 1512 corticis
271 1471 288 1512 e
313 1453 399 1511 ramis
420 1453 520 1530 primis
537 1452 609 1511 cinis
638 1451 751 1511 clauom
775 1458 806 1510 et
827 1448 928 1508 callum
947 1466 1019 1527 aqua
1037 1450 1128 1508 mixta

131 1545 219 1595 sanat.
256 1537 326 1596 vitia
341 1537 415 1594 cutis
432 1537 462 1594 in
476 1536 552 1594 facie
569 1535 718 1611 emendat,
734 1535 825 1611 magis
837 1533 962 1592 admixto
976 1549 1046 1592 snco
1062 1549 1126 1592 suo.
1137 1547 1161 1589 rc

88 1627 180 1682 otest
196 1626 292 1678 autem
307 1618 355 1677 hic
370 1619 454 1676 trium
469 1635 624 1695 generum:
637 1636 722 1677 unum
737 1617 826 1677 arbor
839 1618 902 1694 ipsa
919 1615 1041 1676 exsudat
1053 1633 1128 1675 cnm·

132 1703 217 1759 mium
234 1700 338 1775 modo,
355 1700 449 1760 altero
463 1710 556 1760 manat
571 1704 599 1760 in
617 1701 719 1780 plage,
730 1719 793 1760 cnm
814 1699 916 1776 floret,
941 1701 1041 1758 exciso
1062 1715 1127 1758 cor·

132 1786 189 1843 tice
210 1785 294 1842 trium
319 1781 474 1860 digitorum
495 1784 698 1862 magnitudine.
732 1785 778 1844 hic
798 1784 833 1842 ad
853 1782 1038 1860 expurganda
1054 1800 1128 1860 qnae

132 1865 252 1926 obstent
269 1865 373 1944 oculis,
387 1868 457 1927 item
471 1868 506 1927 nd
517 1868 668 1947 spissanda
683 1885 757 1946 quae
770 1884 842 1946 opus
859 1874 925 1925 sunt
940 1865 1128 1943 ciendamque

33 1954 35 1957 ’
130 1952 241 2026 urinam
260 1949 341 2010 etad
360 1952 451 2009 omnis
472 1950 666 2013 collectiones
689 1954 765 2012 intus
789 1949 990 2011 extrahendas.
1021 1951 1126 2010 tertius
1138 1972 1163 2013 ro

131 2052 217 2093 sucus
240 2042 286 2094 est
307 2033 527 2094 detruncatione
550 2053 692 2096 ramorum
712 2055 729 2097 a
750 2034 826 2096 falce
841 2033 999 2093 destillans.
1030 2051 1068 2094 ex
1082 2033 1127 2093 his

132 2134 205 2194 ergo
227 2117 330 2195 aliquis
351 2135 414 2176 cum
437 2135 562 2178 rosaceo
576 2122 607 2179 in
629 2119 729 2195 calyce
746 2119 841 2196 punici
858 2116 994 2177 calfactus
1009 2116 1127 2176 nuribus

131 2199 305 2276 infunditur,
324 2199 394 2260 folia
410 2209 494 2262 cocta
506 2211 537 2261 et
551 2219 614 2261 cum
626 2220 694 2262 cera
709 2205 776 2261 trita
789 2204 975 2279 inponuntur,
990 2202 1060 2260 item
1075 2217 1129 2278 po·

88 2294 123 2347 58
134 2283 268 2360 dagricis.
296 2283 408 2343 cortice
425 2292 454 2343 et
470 2285 549 2344 foliis
565 2287 595 2344 in
610 2288 678 2344 vino
693 2286 822 2345 decoctis
837 2285 932 2344 foveri
948 2301 1057 2344 nervos
1072 2285 1128 2343 nti·

131 2365 277 2426 lissimum.
306 2365 361 2424 flos
378 2369 462 2427 tritus
477 2386 540 2427 curn
553 2368 633 2428 foliis
648 2369 774 2428 furfures
791 2375 895 2447 purgat
916 2369 945 2426 in
966 2368 1051 2428 facie.
1084 2369 1163 2428 fo·²t

131 2535 160 2594 in
186 2542 277 2594 totum
297 2535 431 2594 auferunt
452 2554 533 2596 nsum
554 2538 671 2615 saepius
692 2543 812 2614 sumpta.
845 2534 1003 2594 Amerinae
1026 2537 1128 2613 nigrae

132 2637 232 2679 semen
246 2637 310 2679 cum
321 2635 420 2697 spuma
434 2622 550 2697 argenti
565 2622 626 2702 pari
641 2620 772 2699 pondere
789 2637 805 2678 a
827 2617 932 2677 balneo
946 2617 1056 2677 inlitum
1070 2621 1129 2698 psi·

131 2701 236 2762 lotrum
252 2712 306 2762 est.

89 2796 124 2849 59
194 2783 276 2862 (38.)
305 2786 372 2846 Non
389 2786 506 2845 multum
522 2804 539 2845 a
556 2786 645 2846 salice
662 2785 784 2845 vitilium
800 2805 853 2845 usn
866 2788 953 2847 distat
969 2786 1066 2861 vitex,
1085 2786 1164 2846 fo·³⁰

130 2866 235 2926 liornm
261 2885 377 2946 quoquo
398 2869 555 2946 adspectu,
578 2870 634 2929 nisi
656 2869 748 2928 odore
771 2871 885 2946 gratior
905 2878 994 2929 esset.
1025 2867 1128 2929 Gracci

131 2950 222 3026 lygon
236 2960 356 3028 vocant,
379 2950 450 3010 alias
469 2968 582 3028 agnon,
605 2953 739 3030 qnoniam
760 2961 908 3028 matronae
930 2951 1129 3031 Thesmopho·

130 3034 183 3091 riis
200 3032 422 3094 Atheniensium
444 3037 607 3095 castitatem
625 3035 824 3096 custodientes
841 3037 887 3096 his
908 3036 988 3097 foliis
1015 3035 1129 3096 cubitus

131 3116 187 3175 sibi
209 3124 350 3177 sternunt.
384 3117 440 3178 duo
458 3135 568 3196 genera
591 3121 669 3179 eins:
699 3121 791 3179 maior
815 3123 844 3179 in
862 3119 1005 3181 'arborem
1030 3120 1129 3188 salicis

130 3199 217 3260 modo
233 3200 379 3278 adsurgit,
393 3203 487 3261 minor
503 3221 632 3281 ramosa,
647 3202 727 3263 foliis
745 3203 959 3263 candidioribus
979 3202 1163 3281 lanugine-at

131 3286 180 3342 sis.
213 3285 304 3363 prima
320 3284 416 3362 album
432 3285 536 3346 floram
552 3289 639 3346 mittit
658 3304 721 3346 cnm
735 3303 899 3365 purpureo,
922 3304 997 3365 quae
1018 3296 1049 3347 ct
1063 3304 1129 3347 can·

131 3367 194 3428 dida
210 3377 348 3446 vocatur,
369 3368 454 3446 nigra
481 3387 555 3449 quae
579 3379 686 3430 tantum
707 3387 890 3448 purpureum.
923 3379 1079 3431 nascuntur
1100 3373 1130 3430 in

87 3460 123 3514 60
133 3451 309 3529 palustribus
325 3454 442 3532 campis.
470 3453 575 3515 Semon
590 3463 689 3533 potum
705 3455 764 3513 uini
778 3453 918 3531 quendam
930 3470 1065 3534 saporem
1082 3454 1129 3515 ha·
