2400 3840
276 241 355 286 nnn.
371 238 462 286 ausu.
479 237 603 285 xxvnr.
619 234 646 289 9.
664 233 868 300 10.(at-ta.)
1019 227 1077 289 183

93 397 251 470 semihora,
273 410 340 453 mox
356 394 493 451 siccatum
510 391 572 450 sine
590 392 654 452 sole
677 400 763 468 atque
779 392 807 450 in
826 390 912 449 melle
929 391 1081 451 conditum.

91 480 239 538 damnatur
254 479 398 555 equinum,
415 483 520 534 tantum
537 476 612 534 iuter
629 492 749 535 venena.
779 476 845 534 ideo
862 473 967 534 llamini
983 493 1082 536 sacro·

93 580 154 621 rum
170 579 251 620 ecum
262 570 383 637 tangere
399 558 551 633 nonlicet,
570 576 633 618 cum
644 559 755 618 Romae
771 557 895 634 publicis
910 559 1002 618 sacris
1014 576 1082 618 ecus

93 648 178 705 etiam
194 645 353 704 inmoletur.

66 738 81 776 ⁵
161 728 244 806 (41.)
267 728 341 802 Quin
359 736 387 785 et
401 729 517 803 sanguis
533 742 633 785 eorum
651 727 791 804 septicam
805 728 862 784 vim
877 725 978 800 habet,
997 728 1064 784 item
1076 735 1125 790 147

93 830 245 890 equarum,
266 819 467 890 praeterquam
483 810 639 886 virginum,
663 808 775 884 erodit,
800 811 956 885 emarginat
975 809 1083 870 ulcera.

93 897 220 964 taurinus
236 895 349 972 quidem
363 911 469 953 recens
484 895 558 952 inter
572 909 683 951 venena
699 902 744 952 est
759 902 884 972 excepta
900 892 1019 969 Aegira.
1046 892 1084 952 ibi

94 980 167 1037 euim
180 977 319 1037 sacerdos
330 977 439 1036 Terrae
452 978 640 1036 vaticinatura
650 979 819 1052 sangninem
833 978 905 1036 tauri
917 975 988 1036 bibit
1005 979 1084 1055 prius

93 1079 176 1139 qnam
193 1065 221 1121 in
239 1079 344 1138 specus
367 1060 533 1120 descendat.
566 1068 672 1119 tantum
689 1068 786 1136 potest
801 1060 959 1137 sympathia
982 1060 1031 1120 illa
1047 1060 1083 1120 de

59 1160 147 1223 nuqua
164 1146 320 1223 loquimur,
337 1143 534 1220 utaliquando
549 1143 693 1218 religione
710 1151 757 1202 aut
779 1143 845 1202 loco
869 1144 926 1203 liat.
957 1144 1067 1204 Drusus
1079 1155 1127 1209 148

92 1228 222 1287 tribunus
237 1227 336 1304 plebei
353 1226 472 1285 traditur
486 1227 631 1302 caprinum
646 1223 771 1300 bibisse,
788 1243 851 1285 cum
869 1225 983 1303 pallore
999 1237 1027 1287 et
1042 1230 1082 1287 in-

92 1311 167 1369 vidia
184 1310 287 1368 veneni
306 1308 360 1367 sibi
375 1308 432 1367 dati
448 1308 612 1367 insimulare
629 1308 664 1381 Q.
678 1306 855 1387 Caepionem
871 1310 1012 1369 inimicum
1023 1311 1083 1370 vel-

92 1394 142 1452 let.
172 1393 316 1451 hircorum
331 1393 461 1466 sanguini
479 1400 555 1450 tanta
574 1393 616 1450 vis
632 1400 720 1450 estut
737 1393 975 1451 ferramentorum
997 1392 1083 1453 subti-

92 1477 158 1535 litas
174 1493 231 1535 non
246 1473 330 1533 aliter
350 1476 445 1533 acrius
459 1475 622 1548 induretur,
639 1474 773 1534 scabritia
790 1475 914 1552 poliatur
929 1474 1083 1535 vehemen-

57 1561 248 1637 cuiusquam
266 1557 341 1617 lima.
371 1574 428 1616 non
444 1559 529 1633 igitur
546 1567 574 1616 et
596 1560 714 1634 sanguis
730 1559 890 1619 animalium
911 1561 985 1617 inter
1007 1576 1083 1618 com·

91 1643 185 1701 munia
201 1641 256 1700 dici
273 1650 371 1718 potest
385 1650 414 1700 et
431 1640 497 1701 ideo
516 1642 574 1701 suis
589 1643 711 1719 quisque
728 1642 839 1702 dicetur
853 1642 1014 1702 effectibus.

157 1724 241 1804 (42.)
263 1724 435 1801 Digeremns
451 1727 525 1784 euim
541 1727 569 1784 in
584 1725 656 1786 mala
676 1726 789 1804 singula
804 1743 872 1786 usus
891 1726 1126 1805 plurumum-149

92 1827 148 1886 que
165 1816 264 1868 contra
280 1811 433 1887 serpentis.
465 1808 561 1869 Exitio
583 1810 627 1869 his
649 1828 717 1869 esse
738 1827 843 1870 cervos
864 1827 948 1870 nemo
971 1812 1085 1888 ignorat

91 1902 130 1970 nt,
150 1894 174 1952 si
190 1910 263 1970 quae
279 1900 353 1968 sunt,
371 1901 515 1953 extractas
532 1895 663 1953 cavernis
678 1894 848 1953 mandentis.
877 1912 931 1953 uec
944 1911 1015 1953 vero
1027 1895 1085 1972 ipsi

54 1995 81 2036 ao
91 1979 293 2055 spirantesque
318 1984 424 2035 tantum
449 1975 651 2052 adversantur,
678 1977 730 2036 sed
755 1975 932 2037 membratim
956 1993 1082 2055 quoqne.

90 2061 186 2137 fugari
203 2077 253 2118 aas
267 2058 369 2118 nidore
388 2077 493 2120 cornus
508 2077 624 2135 eorum,
641 2061 665 2118 si
680 2069 792 2136 uratur,
813 2061 918 2120 dictum
937 2068 996 2135 est,
1012 2069 1040 2120 at
1052 2080 1069 2120 s,
1082 2081 1115 2115 us

92 2160 234 2203 esummo
257 2150 372 2219 gutture
396 2144 467 2202 ustis
490 2142 604 2205 ossibus
627 2147 799 2220 congregari
818 2143 958 2203 dicuntur.
989 2143 1083 2221 pelles

92 2227 219 2287 ciusdem
241 2227 368 2285 animalis
393 2226 555 2287 substratae
576 2248 697 2289 securos
719 2237 867 2309 praestant
891 2227 926 2287 ab
950 2244 986 2286 eo
1008 2236 1083 2286 metu

91 2328 218 2370 somnos.
251 2310 402 2386 coagulum
425 2329 462 2370 ex
484 2320 567 2371 aceto
587 2322 684 2390 potum
697 2314 733 2374 ab
748 2318 823 2391 ictu,
850 2312 923 2374 etsi
949 2313 1062 2371 omnino
1075 2323 1126 2376 150

54 2401 81 2441 ²⁶
90 2403 241 2453 tractatum
257 2395 309 2467 sit,
338 2412 374 2453 eo
397 2394 443 2452 die
464 2412 521 2454 nou
536 2394 601 2454 ierit
618 2415 750 2474 serpeus.
781 2408 873 2457 testes
888 2411 1004 2476 qnoque
1020 2396 1083 2457 eius

90 2477 242 2536 inveterati
266 2477 314 2535 vel
329 2477 454 2553 genitale
472 2479 533 2536 cius
552 2481 637 2537 maris
661 2480 823 2540 salutariter
838 2482 938 2541 dantur
956 2482 985 2538 iu
1005 2483 1082 2557 vino,

89 2562 158 2619 item
175 2569 276 2619 venter
292 2576 376 2636 quem
398 2560 628 2638 centipellionem
645 2571 759 2622 vocant.
795 2563 906 2639 lugiunt
922 2573 951 2621 et
967 2564 1082 2624 omnino

91 2642 206 2702 dentem
230 2645 309 2701 cervi
330 2642 464 2703 habentis
486 2653 532 2703 ant
555 2645 677 2705 medulla
700 2654 856 2724 perunctos
873 2646 983 2705 sebove
1001 2648 1082 2706 cervi

90 2735 137 2786 ant
165 2725 255 2784 vituli.
298 2728 412 2785 summis
438 2737 531 2787 autern
555 2727 689 2787 remediis
714 2728 876 2806 praefertur
907 2729 1033 2789 hinnulei
1051 2747 1115 2792 aare

53 2808 247 2885 oocoagulum
275 2812 373 2870 matris
404 2819 486 2871 utero
519 2813 651 2888 exsecti,
682 2821 712 2870 ut
742 2811 936 2872 iudicavimus.
992 2831 1056 2873 san·
1075 2823 1124 2878 151

90 2894 176 2968 gnine
196 2894 331 2970 cervino,
360 2895 383 2952 si
400 2913 453 2954 nna
469 2904 583 2955 uramur
599 2895 767 2955 dracontion
791 2905 819 2955 et
840 2897 974 2973 cunilago
990 2905 1019 2956 et
1035 2914 1082 2958 an·

89 2975 179 3035 ehusa
201 2976 315 3037 lentisci
342 2977 436 3054 ligno,
463 2979 592 3038 contrahi
615 2981 758 3057 serpentis
787 2981 915 3056 tradunt,
948 2980 1081 3060 dissipari

89 3059 209 3135 deiude,
233 3061 256 3118 si
278 3063 416 3135 sangnine
438 3061 568 3122 detracto
597 3063 734 3123 adiciatur
757 3063 931 3140 pyrethrum.
966 3065 1080 3123 invenio

88 3142 165 3220 apud
181 3151 318 3202 auctores
335 3142 464 3203 Graecos
484 3146 586 3204 animal
612 3163 701 3205 cervo
722 3147 812 3205 vuinus
834 3156 863 3204 et
888 3145 947 3224 pilo
970 3146 1081 3205 demum

54 3225 183 3285 assimile
211 3224 288 3303 quod
310 3226 418 3302 ophion
442 3238 611 3303 vocaretur,
639 3229 796 3288 Sardiniam
818 3229 845 3288 id
872 3238 978 3288 tantum
1003 3229 1081 3287 ferre

90 3308 215 3368 solitam.
256 3308 313 3368 hoc
338 3309 472 3368 interisse
502 3310 626 3370 arbitror
653 3322 682 3371 et
707 3312 773 3371 ideo
798 3312 954 3371 medicinas
983 3329 1020 3371 err
1045 3327 1079 3371 eo

89 3395 200 3451 omitto.

156 3474 202 3534 10.
233 3474 306 3553 Apri
326 3494 441 3556 quoque
470 3474 619 3535 cerebrum
647 3486 746 3537 contra
771 3497 824 3539 eas
846 3479 982 3538 landatur
1004 3482 1151 3532 ennam
