2400 3840
131 179 193 240 252
475 191 505 240 c.
522 193 618 240 eurus
637 192 787 240 saccum

38 358 47 403 f
130 346 211 425 potui
231 345 329 423 datur,
350 347 431 406 nucis
455 347 607 406 abellanae
624 346 827 422 magnitudine,
859 346 947 424 aliqui
971 346 1080 406 addunt
1103 356 1131 408 et

130 447 264 488 anserum
281 429 395 508 adipem
413 448 451 490 ex
474 431 540 489 vino
556 439 680 505 myrteo.
711 429 814 490 sordes
831 429 866 488 ab
882 428 1020 488 uberibus
1035 431 1131 490 ovium

130 513 252 573 eundem
276 514 410 573 effectum
431 513 554 589 habent,
582 516 650 572 item
674 531 777 572 carnes
798 514 977 572 inveteratae
1001 513 1131 573 irenacei

130 605 271 674 sumptae.
294 598 418 656 vomitus
435 614 551 675 quoque
565 614 665 679 canum
678 596 775 656 inlitus
786 599 879 655 ventri
895 613 998 674 aquam
1013 597 1131 656 trahere

130 682 312 758 promittitur.
1142 711 1154 750 s

87 775 138 828 106
204 764 252 822 12.
277 763 360 842 (32.)
381 761 447 839 lgni
456 779 542 822 sacro
554 761 685 822 medetur
697 779 838 841 oesypum
853 780 916 821 cum
928 763 1130 846 pompholyge

131 856 160 906 et
171 863 307 921 rosaceo,
323 849 405 905 ricini
418 846 545 922 sanguis,
558 863 671 904 vermes
684 849 792 905 terreni
807 864 844 905 ex
857 854 941 905 aceto
957 846 1039 922 inliti,
1051 847 1129 923 gryl-

129 930 175 989 lus
194 931 335 988 contritus
351 930 380 987 in
396 928 542 1003 manibus,
568 946 625 1006 quo
648 946 758 1005 genere
777 938 904 1007 praestat
923 926 953 987 ut
979 930 1072 1007 quiid
1087 930 1129 989 ie·

131 1012 220 1086 cerit,
236 1021 386 1091 antequam
402 1013 519 1090 incipiat
533 1013 644 1088 vitium,
660 1021 721 1070 toto
740 1029 814 1072 anno
831 1012 860 1071 ci
873 1029 935 1072 oon
949 1012 1073 1071 accidat.
1088 1045 1131 1059 —

130 1104 249 1174 oportet
262 1105 356 1155 autem
374 1115 437 1155 eum
454 1097 532 1155 ferro
549 1113 612 1154 cum
635 1104 713 1157 terra
735 1113 878 1155 cavernae
901 1113 971 1154 suae
986 1096 1067 1174 tolli,
1087 1104 1160 1165 -m'

58 1243 70 1253 ,
130 1181 241 1238 anseris
262 1179 361 1258 adips,
385 1182 505 1258 viperae
527 1188 613 1256 caput
633 1178 741 1238 aridum
764 1180 946 1239 adservatum
963 1188 994 1237 et
1012 1179 1129 1239 combu-

130 1270 219 1337 stum,
247 1263 352 1323 deinde
378 1282 415 1323 ex
437 1272 522 1323 aceto
541 1264 711 1340 inpositum,
733 1272 868 1322 senectus
894 1264 1072 1340 serpentium
1093 1281 1130 1323 ex

130 1363 203 1424 aqua
221 1347 301 1407 inlita
316 1364 332 1405 a
350 1347 465 1407 balineo
484 1363 548 1405 cum
563 1346 698 1405 bitumine
715 1355 745 1405 et
760 1345 834 1406 sebo
850 1346 966 1422 agnino.

89 1439 139 1494 lot
205 1431 290 1509 (33.)
309 1429 508 1490 Carbunculus
528 1430 594 1489 fimo
618 1429 781 1490 columbino
806 1429 939 1488 aboletur
957 1447 1011 1509 per
1032 1448 1067 1490 sc
1089 1430 1129 1488 in·

129 1513 180 1572 lito
193 1514 241 1573 vel
257 1532 320 1573 cum
335 1515 385 1574 lini
400 1514 510 1573 semino
528 1530 565 1572 ex
580 1521 665 1572 aceto
682 1514 785 1590 mulso,
803 1515 870 1572 item
889 1511 991 1590 apibus
1008 1531 1084 1591 quae
1100 1514 1127 1572 in
1137 1525 1159 1568 ta

129 1596 216 1655 melle
244 1599 299 1656 sint
327 1606 457 1656 mortuae
482 1597 615 1674 inpositis
637 1597 812 1675 polentaque
840 1597 964 1674 inposita
984 1597 1128 1675 inspersa.

132 1681 160 1736 in
175 1680 311 1739 verendis
327 1681 491 1758 ceterisque
507 1679 545 1737 ibi
561 1678 706 1739 ulceribus
725 1681 851 1740 occurrit
872 1697 910 1738 ex
933 1679 1023 1740 melle
1043 1698 1128 1755 oesy-

130 1780 197 1839 pum
217 1780 281 1820 cnm
306 1762 415 1841 plumbi
433 1764 576 1840 squamis,
599 1765 668 1822 item
693 1765 787 1823 limum
806 1762 949 1842 pecudum
968 1764 1129 1842 incipienti·

129 1845 183 1904 bus
205 1845 398 1910 carbunculis.
436 1845 538 1905 tubera
561 1855 589 1905 et
615 1863 813 1925 quaecumque
837 1846 961 1905 emolliri
986 1863 1062 1924 opus
1085 1854 1130 1907 est

130 1927 333 1989 efficacissime
345 1929 479 1989 anserino
495 1928 580 2007 adipe
596 1940 739 2006 curantur,
752 1931 827 1990 idem
846 1937 974 2008 praestat
987 1939 1018 1988 ct
1028 1948 1161 2006 gmumeo

130 2012 176 2071 adi
199 2032 222 2071 s.
274 2061 276 2063 ,
1020 2053 1024 2059 -

90 2106 140 2160 108
178 2030 285 2176 p(34.)
309 2096 480 2156 Furunculis
502 2097 611 2156 mederi
633 2096 734 2156 dicitur
757 2114 879 2156 araneus
895 2097 1064 2174 priusquam
1079 2115 1128 2157 no·

129 2182 251 2239 minetur
266 2181 408 2257 inpositus
426 2189 455 2240 et
470 2182 555 2240 tertio
573 2179 619 2239 die
634 2180 761 2256 solutus,
776 2198 839 2238 mus
859 2197 982 2239 araneus
997 2180 1129 2257 pendens

130 2270 268 2322 enecatus
282 2264 324 2322 sic
339 2272 369 2321 ut
391 2271 498 2323 terram
513 2281 568 2321 nec
582 2272 687 2341 postea
713 2265 850 2340 attingat,
873 2271 919 2322 ter
943 2264 1129 2323 circumlatus

129 2345 291 2422 furunculo,
306 2346 412 2405 totiens
428 2346 636 2425 exspuentibus
653 2346 787 2406 medente
805 2357 834 2405 et
852 2347 897 2405 cui
912 2346 938 2405 is
955 2347 1159 2425 medebitur,rs

131 2447 168 2488 ex
187 2429 353 2506 gallinaceo
372 2431 438 2489 hmo
458 2430 536 2509 quod
556 2438 603 2489 est
623 2431 715 2490 rufum
738 2448 868 2490 maxume
890 2447 996 2489 recens
1019 2430 1129 2490 inlitum

130 2531 167 2572 ex
182 2520 278 2590 aceto,
294 2514 471 2573 ventriculus
486 2516 619 2574 ciconiae
638 2533 677 2573 ex
693 2515 760 2573 vino
777 2514 931 2588 decoctus,
954 2531 1073 2573 muscae
1089 2517 1128 2573 in·

129 2599 191 2674 pari
207 2615 325 2656 numero
341 2597 492 2657 infricatae
506 2597 596 2674 digito
609 2597 734 2672 medico,
750 2597 854 2657 sordes
869 2615 907 2656 ex
921 2597 1065 2674 pecudum
1080 2615 1128 2657 au·

128 2681 238 2757 riculis,
254 2681 355 2740 sebum
372 2682 467 2741 ovium
481 2689 565 2740 vetus
582 2699 644 2740 cum
666 2684 763 2740 cinere
780 2680 877 2758 capilli
895 2679 1061 2756 mulierum,
1085 2698 1129 2740 se·

129 2764 195 2823 bum
212 2765 310 2824 arietis
325 2781 388 2823 cum
403 2767 501 2824 cinere
517 2767 638 2842 pumicis
653 2773 681 2825 et
697 2764 766 2824 salis
782 2765 844 2842 pari
862 2763 1002 2841 pondere.
1136 2784 1160 2827 tt

88 2858 138 2912 109
202 2847 285 2927 (35.)
309 2846 458 2907 Ambustis
471 2848 562 2907 canini
580 2849 683 2926 capitis
697 2848 767 2907 cinis
779 2847 919 2925 medetur,
935 2848 1003 2906 item
1013 2847 1129 2924 glirium

135 2947 197 2990 cum
215 2929 295 3006 olco,
312 2932 404 2990 limum
421 2933 517 2989 ovium
536 2948 599 2990 cum
616 2948 695 3004 cera,
710 2931 829 2989 murium
850 2932 939 3006 cinis,
963 2931 1130 2991 coclearum

130 3030 245 3092 quoquc
269 3014 312 3071 sic
333 3023 362 3072 ut
380 3032 416 3072 ne
434 3014 553 3072 cicatrix
569 3013 682 3091 quidem
699 3014 851 3092 adpareat,
869 3013 952 3092 adips
966 3015 1128 3093 viperinus,

88 3112 137 3163 110
149 3098 205 3157 limi
229 3096 383 3156 columbini
402 3097 473 3155 cinis
495 3112 533 3155 ex
546 3097 613 3156 oleo
633 3098 744 3174 inlitus,
768 3098 851 3176 (36.)
874 3114 1029 3157 nervorum
1044 3099 1130 3158 nodis

129 3183 231 3260 capitis
261 3182 385 3259 viperini
408 3180 479 3239 cinis
505 3181 533 3238 in
561 3181 628 3240 oleo
653 3183 769 3260 cyprio,
794 3185 900 3240 terreni
921 3199 1039 3241 vermes
1066 3200 1160 3244 cumas

127 3266 215 3325 melle
231 3264 313 3341 inliti,
329 3265 365 3301 '²³⁵‘
378 3264 498 3324 dolores
514 3281 612 3323 eorum
628 3264 720 3343 adips,
738 3264 943 3344 amphisbaena
958 3275 1070 3333 mortua
1081 3265 1130 3326 ad·

130 3349 262 3425 alligata,
287 3347 369 3427 adips
391 3347 550 3407 volturinus
567 3366 628 3407 cum
648 3359 750 3409 ventre
767 3349 912 3408 arefactus
930 3350 1130 3428 contritusque

70 3505 74 3511 ¹
129 3449 191 3492 cum
205 3430 290 3510 adipe
306 3433 392 3492 suillo
409 3433 587 3510 inveterato,
611 3434 682 3492 cinis
699 3453 715 3493 e
734 3433 829 3511 capite
844 3431 967 3491 bubonis
989 3434 1018 3492 in
1034 3435 1128 3493 mulso
