2400 3840
316 177 396 225 unu.
415 176 506 225 men.
523 177 648 225 xxurtr.
666 175 692 227 4.
711 166 847 241 (6—10.)
1023 167 1080 231 163

88 343 181 412 gutur.
212 344 266 394 nos
286 332 360 393 baec
374 331 524 391 credamus
537 332 592 391 rite
607 332 681 408 lieri,
697 332 827 392 extranei
843 333 1003 394 interuentu
1019 341 1077 410 aut,
1089 343 1124 398 39

89 419 114 477 si
129 416 273 477 dormiens
289 422 438 493 spectetur
450 415 559 492 inians,
580 434 597 476 a
611 417 723 476 nutrice
738 424 820 477 terna
835 415 956 496 adspui?
985 434 1080 495 quam·

89 517 173 581 quarn
189 500 258 560 illos
274 498 418 576 religione
434 507 512 559 muta
534 507 639 559 tutatur
665 508 694 558 et
712 498 855 577 fascinus,
877 504 1081 580 imperatorum

89 602 215 664 quoque,
231 601 288 643 non
300 582 393 642 solum
408 581 554 644 infantium
565 592 673 661 custos,
690 585 738 661 qui
754 583 825 643 deus
842 585 917 644 inter
927 602 1010 645 sacra
1021 584 1080 645 Ro·

66 685 171 727 emana
191 663 388 726 eVestalibus
403 665 508 729 colitur
530 675 561 727 et
584 683 685 727 currus
707 667 937 747 triumphantium
958 667 1011 729 sub
1035 667 1080 727 bis

89 751 219 830 pendens
234 747 362 809 delendit
378 748 506 810 medicus
526 749 664 827 invidiae,
693 750 828 830 iubetque
855 753 974 812 eosdem
988 753 1079 830 respi-

90 852 159 893 cere
174 833 274 893 similis
289 832 431 893 medicina
447 834 572 910 liuguae,
588 842 618 893 ut
633 835 670 892 sit
686 844 807 895 exorata
822 853 840 896 a
854 845 938 913 tergo
955 834 1080 895 Fortuna

89 917 203 994 gloriae
221 917 361 977 carnifex.

149 999 214 1078 (8.)
235 999 351 1061 blorsus
365 1000 487 1060 hominis
501 1000 576 1059 inter
590 1001 765 1080 asperrimos
778 1018 893 1081 quoque
905 1009 1078 1065 numeratur.
1089 1009 1125 1064 to

55 1084 238 1144 remetientur
254 1083 359 1144 sordes
375 1101 413 1142 ex
427 1080 543 1143 auribus
558 1101 601 1160 ac,
616 1085 736 1161 nequis
750 1085 883 1161 miretur,
899 1087 985 1146 etiam
1000 1102 1081 1146 scor·

88 1170 205 1247 piouum
220 1166 325 1227 ictibus
338 1168 572 1245 serpentiumque
587 1167 681 1225 statim
696 1168 851 1245 inpositae,
866 1168 998 1229 meliuse
1016 1188 1081 1249 per-

89 1252 166 1311 cussi
179 1249 304 1311 auribus.
326 1247 451 1326 produnt
466 1249 503 1309 ita
516 1258 544 1308 et
556 1248 691 1309 reduvias
702 1251 808 1326 sanari,
823 1253 997 1329 serpentium
1009 1270 1080 1313 vero

89 1335 177 1393 ictum
194 1334 327 1392 coutunsi
343 1331 437 1391 dentis
453 1331 566 1391 humaui
581 1332 680 1392 farina.

153 1416 215 1495 (9.)
240 1413 370 1494 Capillus
391 1432 483 1492 puero
510 1415 557 1493 qui
579 1416 699 1493 primum
720 1413 837 1474 decisus
863 1423 908 1474 est
930 1417 1079 1495 podagrae
1090 1429 1123 1482 41
1154 1462 1156 1469 ·

57 1518 80 1559 ru
89 1502 214 1578 impetus
230 1498 332 1558 dicitur
352 1496 452 1557 leuare
470 1497 698 1575 circumligatus,
729 1507 758 1556 et
777 1499 806 1557 in
827 1506 916 1558 totum
937 1498 1083 1579 inpubium

89 1582 226 1662 inposito.
256 1583 382 1641 virorum
406 1598 521 1660 quoque
545 1581 665 1661 capillus
686 1582 766 1641 canis
787 1582 931 1642 morsibus
952 1581 1083 1645 medetur

90 1686 127 1727 ex
142 1675 227 1727 aceto
241 1674 270 1724 et
285 1667 409 1744 capitum
421 1664 587 1725 volueribus
603 1684 640 1725 cx
652 1666 719 1726 oleo
731 1675 779 1726 aut
793 1667 872 1742 vino,
888 1668 912 1726 si
927 1665 1081 1744 credimus,
1130 1696 1132 1701 ⁴

89 1769 106 1811 a
122 1750 240 1811 revolso
256 1750 335 1809 cruci
351 1749 506 1827 quartanis,
523 1749 688 1809 combustus
702 1750 800 1828 utique
813 1749 935 1828 capillus
952 1752 1082 1812 carcino-

89 1834 165 1894 mati.
196 1833 279 1914 pueri
297 1835 344 1911 qui
364 1835 473 1911 primus
488 1833 626 1893 ceciderit
644 1833 730 1909 dens,
758 1842 788 1893 ut
808 1842 914 1893 terram
928 1852 985 1893 non
1001 1835 1083 1894 attiu-

54 1933 80 1974 ro
90 1927 157 1996 gat,
172 1917 301 1977 inclusus
315 1917 344 1974 iu
358 1916 496 1976 armillam
514 1925 543 1976 et
557 1916 675 1978 adsidue
696 1917 724 1975 iu
739 1913 877 1976 bracchio
892 1915 1006 1977 babitus
1024 1935 1082 1977 mu·

89 2001 221 2060 liebrium
240 2001 371 2060 locorum
392 1999 512 2059 dolores
530 1998 673 2078 prohihet.
706 1998 809 2059 Pollex
832 1999 860 2058 in
884 1999 960 2078 pede
975 2001 1078 2078 praeli·
1090 2010 1125 2063 m

89 2094 174 2160 gatus
190 2100 330 2162 proxumo
347 2083 438 2160 digito
453 2092 581 2142 tumores
597 2083 742 2158 inguinum
758 2082 852 2158 sedat,
873 2083 900 2141 in
915 2101 998 2142 manu
1014 2084 1082 2144 dcx·

90 2176 133 2226 tra
151 2165 207 2225 duo
224 2165 310 2226 medii
326 2165 385 2225 liuo
400 2165 505 2228 leviter
517 2166 653 2243 conligati
669 2165 982 2245 destillationesatque
998 2166 1081 2245 lippi·

90 2249 204 2310 tudines
221 2257 330 2308 arcent.
363 2251 432 2328 quin
447 2259 476 2309 et
495 2250 603 2309 eiectus
620 2249 737 2328 lapillus
759 2250 908 2310 calculoso
923 2248 1080 2328 adligatus·

54 2347 149 2411 aeque
164 2350 249 2411 supra
268 2331 374 2412 pubem
387 2332 495 2393 leuare
514 2342 632 2392 ceteros
655 2332 757 2394 dicitur
774 2351 811 2395 ac
836 2335 975 2394 iocineris
996 2335 1082 2394 etiam

91 2417 209 2477 dolores
230 2425 260 2475 et
284 2415 462 2476 celeritatem
479 2425 577 2495 partus
596 2416 707 2475 iacere.
739 2415 825 2476 adicit
842 2416 964 2478 Granius
984 2417 1083 2477 citica-

91 2502 200 2560 ciorem
211 2498 247 2559 ad
257 2498 315 2558 hoc
325 2516 392 2558 esse
405 2498 484 2558 lerro
496 2506 667 2577 exemptum.
691 2507 789 2576 partus
803 2499 952 2560 adcelerat
964 2497 1012 2559 bic
1022 2516 1084 2559 mas

91 2601 129 2643 ex
146 2599 203 2660 quo
226 2598 358 2659 quaeque
381 2582 568 2659 conceperit,
595 2581 620 2640 si
642 2583 737 2640 cinctu
759 2598 813 2641 suo
834 2581 929 2641 soluto
950 2582 1084 2642 feminam

91 2665 223 2740 cinxerit,
238 2662 303 2722 dein
314 2662 436 2723 solverit
449 2662 562 2723 adiecta
577 2664 745 2742 precatione
760 2665 944 2740 seduxisse,
962 2664 1084 2725 eundem

54 2764 81 2806 ao
91 2758 121 2810 et
136 2747 305 2822 soluturum,
321 2755 408 2825 atque
423 2745 536 2807 abierit.

154 2832 239 2911 (10.)
266 2830 410 2908 Sanguine
441 2832 532 2910 ipsius
562 2829 684 2891 bominis
715 2848 753 2890 ex
782 2848 960 2909 quacumque
992 2836 1074 2909 parte
1092 2839 1128 2896 43

91 2919 199 2979 emisso
222 2915 424 2976 efficacissime
447 2915 580 2991 anginam
599 2913 679 2974 inlini
697 2913 811 2974 tradunt
827 2912 961 2994 Orplacus
983 2923 1011 2973 et
1030 2913 1084 2974 dr·

91 3000 227 3077 cbelaus,
249 3001 317 3060 item
332 3015 383 3060 ora
404 2998 539 3058 comitiali
558 2995 661 3071 morbo
684 2998 902 3078 conlapsorum,
924 3015 1085 3075 exsurgere

92 3087 167 3146 euim
184 3084 322 3162 protinus.
351 3082 481 3160 quidam,
496 3082 520 3140 si
536 3081 660 3161 pollices
675 3081 780 3159 pedum
795 3092 957 3161 pungantur
972 3098 1084 3158 eaeque

56 3181 82 3222 ³⁵
93 3177 192 3246 guttae
208 3167 370 3226 referantur
385 3165 413 3224 in
429 3164 543 3241 faciem,
556 3175 604 3226 arrt
620 3165 644 3223 si
660 3164 744 3243 uirgo
763 3164 865 3226 dextro
881 3165 988 3244 pollice
1003 3164 1084 3222 attin·

92 3260 152 3329 gat,
166 3251 222 3312 bec
239 3251 405 3311 coniectura
420 3256 575 3308 censentes
588 3248 717 3325 virgines
738 3249 833 3308 carnis
855 3248 991 3309 edendas.
1022 3245 1080 3305 Ae·
1093 3255 1128 3309 44

93 3334 210 3394 schiues
236 3334 422 3395 Atheniensis
449 3340 697 3393 excrementorum
721 3333 820 3393 cinere
849 3332 960 3407 anginis
987 3328 1083 3389 mede·

94 3416 178 3477 batur
192 3425 221 3477 et
235 3417 361 3478 tonsillis
381 3416 503 3494 uvisque
525 3423 555 3476 et
575 3415 785 3500 carcinomatis.
817 3413 1088 3556 ¹¹⁰⁰p¹p¹¹ssdi⁰ffi
