2400 3840
193 284 194 287 *
281 209 361 256 nnn.
377 206 467 255 msc.
483 207 608 254 xxvrn.
626 202 668 257 16.
683 200 725 257 17.
743 191 889 272 (os—70.)
1022 189 1080 253 199

90 364 220 425 'remedio
237 371 290 422 est.
320 359 510 436 lethargicos
525 361 632 420 excitat
648 359 719 419 asini
734 357 832 418 lichen
847 356 963 418 naribos
986 356 1082 418 inlitus

90 467 128 508 ex
144 455 246 523 aceto,
269 444 379 522 caprini
393 460 498 503 cornus
515 443 597 503 nidor
612 453 659 504 aut
675 442 814 522 pilorum,
837 443 920 501 iocor
935 457 1082 520 aprunum.

93 533 188 610 itaque
204 539 234 589 et
248 527 412 588 veternosis
424 525 514 587 datur.
545 527 699 586 Phthisicis
713 525 864 585 medentur
874 527 956 585 iocur
969 524 1030 602 lupi
1045 541 1084 583 ex

92 618 157 674 vino
172 628 281 688 macro,
298 611 358 669 suis
371 609 496 670 feminae
508 609 607 670 herbis
619 619 720 690 pastae
736 608 866 684 laridum,
880 625 983 667 carnes
999 607 1083 667 asini-

68 710 146 756 cnae
162 715 200 755 ex
210 697 273 754 iure
289 701 430 771 sumptae.
459 694 517 754 hcc
532 711 643 770 genere
656 710 788 754 maxume
803 693 831 751 in
848 690 959 752 Achaia
982 698 1082 751 curant

92 780 120 839 id
137 778 250 838 malum.
283 779 340 837 limi
361 793 477 855 quoque
501 777 571 836 aridi
594 777 647 837 sed
669 772 777 855 pabulo
796 775 880 835 viridi
899 784 983 854 pasto
1007 774 1085 833 bove

91 862 196 920 fumum
216 861 373 921 harundine
393 860 522 920 haustum
536 860 679 937 prodesse
702 859 830 937 tradunt,
858 857 957 918 bubuli
979 873 1083 918 cornus

91 962 255 1004 mucronem
267 954 399 1005 exustum
415 943 533 1003 duorum
550 945 724 1003 coclearium
739 961 871 1003 mensura
886 941 983 1002 addito
997 939 1084 1000 melle

91 1028 188 1106 pilulis
203 1029 360 1091 devoratis.
391 1044 498 1105 caprae
514 1026 585 1086 sebo
606 1028 635 1086 in
649 1026 729 1106 pulte
745 1027 864 1087 alicacia
887 1035 917 1085 et
931 1024 1065 1104 phthisim
1075 1032 1125 1088 nal

55 1120 120 1170 acet
135 1113 234 1171 tussim
249 1114 360 1186 sanari,
383 1110 430 1169 vel
451 1109 580 1186 recenti,
604 1128 667 1169 com
686 1108 777 1168 mulso
799 1109 976 1187 liquefacto,
996 1110 1035 1167 ita
1055 1115 1087 1165 ut

90 1197 175 1255 uncia
189 1197 218 1255 in
234 1194 367 1269 cyathum
383 1192 501 1253 addatur
521 1200 662 1270 rutaeque
681 1208 761 1252 ramo
777 1193 1001 1270 permiscentur,
1016 1205 1085 1265 ‚non

90 1280 176 1355 pauci
192 1277 314 1338 tradunt.
341 1276 517 1353 rupicaprae
529 1274 593 1335 sebi
610 1273 715 1350 cyatho
731 1285 761 1334 et
776 1274 859 1334 lactis
875 1275 938 1351 pari
952 1290 1086 1332 mensura

91 1359 274 1439 deploratum
297 1357 469 1436 phthisicum
490 1358 673 1418 convaluisse
700 1367 796 1417 certus
824 1365 926 1415 auctor
946 1356 1084 1416 adlirmat.

91 1453 156 1501 sunt
173 1443 221 1519 qui
240 1451 268 1501 et
283 1459 364 1500 suom
384 1442 441 1500 limi
457 1441 583 1500 cinerem
601 1440 747 1518 proluisse
768 1440 937 1516 scripserint
953 1439 981 1496 in
998 1452 1084 1515 passo

56 1539 81 1577 1⁵
92 1535 121 1585 et
135 1526 215 1585 cervi
236 1524 411 1602 pulmonem,
427 1541 557 1583 maxume
570 1523 730 1599 subulonis,
748 1523 886 1582 siccatum
900 1523 928 1581 iu
942 1520 1020 1580 fumo
1036 1521 1085 1578 tri·

91 1619 206 1686 tumque
221 1609 249 1666 in
266 1610 344 1667 vino.

157 1691 241 1771 (68.)
262 1690 437 1769 llydropicis
458 1690 610 1750 auxiliatur
627 1691 706 1750 urina
721 1690 837 1750 vesicae
852 1690 915 1767 apri
931 1686 1066 1766 paulatim
1077 1695 1129 1750 232

90 1777 155 1836 data
173 1777 201 1835 in
223 1784 304 1854 potu,
323 1775 472 1835 eilicacius
490 1791 564 1852 qnae
580 1775 716 1835 inaruerit
740 1792 803 1834 cum
824 1774 923 1833 vesica
941 1789 1007 1847 sna,
1029 1770 1086 1828 limi

91 1860 193 1919 taurini
217 1877 365 1933 maxume,
392 1858 445 1918 sed
470 1867 500 1917 et
516 1857 631 1935 bubuli,
658 1889 701 1906 —
721 1858 757 1918 de
780 1856 943 1917 armentivis
967 1854 1085 1932 loquor,

55 1943 169 2021 noqrrod
192 1941 324 2002 bolbiton
346 1950 452 2000 vocant
470 1975 528 2017 -—,
556 1942 628 2000 ciuis
651 1942 827 2001 coclearium
848 1939 930 1999 trium
952 1939 981 1996 io
1003 1936 1088 1996 mulsi
1107 1971 1121 2010 ⁴.

90 2027 213 2101 hemina,
234 2024 319 2083 bovis
334 2025 457 2083 feminae
473 2025 501 2082 in
516 2024 699 2099 mulieribus,
724 2042 762 2083 ex
783 2022 876 2082 altero
902 2038 974 2080 sexu
997 2020 1025 2076 in
1045 2019 1085 2076 vi·

91 2110 142 2184 ris,
166 2107 242 2184 quod
264 2107 355 2167 veluti
378 2107 546 2181 mysterium
566 2106 747 2166 occultarunt
766 2104 861 2181 blagi,
890 2105 984 2164 limum
1005 2101 1086 2160 vituli

91 2190 211 2249 masculi
231 2190 360 2267 inlitum,¹
387 2191 443 2251 fimi
468 2190 578 2250 vitulini
601 2191 672 2250 cinis
700 2207 764 2249 cum
788 2190 897 2248 semine
920 2185 1085 2264 staphylini,

97 2291 190 2351 aequa
207 2275 341 2352 portione
360 2291 397 2333 ex
410 2275 489 2349 vino,
505 2275 623 2350 sanguis
641 2275 774 2352 caprinus
790 2290 853 2331 cum
867 2269 1001 2330 medulla.
1023 2268 1085 2328 elli·

55 2371 82 2411 cs
94 2358 238 2416 cariorem
255 2366 353 2435 potant
367 2357 440 2416 hirci
454 2358 553 2435 ntique
569 2357 592 2415 si
608 2357 732 2417 lentisco
748 2364 912 2434 pascantur.

155 2440 238 2518 (69.)
261 2442 328 2516 Igni
350 2457 435 2499 sacro
459 2441 572 2498 ursinus
593 2438 675 2517 adips
696 2440 839 2512 inlinitur,
864 2454 995 2496 maxume
1013 2437 1125 2513 qnibttb

92 2531 138 2582 est
160 2522 312 2598 aduenis,
335 2520 482 2581 vitulinum
503 2522 596 2580 limum
619 2538 724 2581 recens
746 2520 795 2580 vel
809 2518 960 2594 bubulum,
984 2535 1086 2577 caseus

93 2607 227 2683 caprinos
240 2607 337 2663 siccus
359 2621 422 2663 cum
440 2620 545 2681 porro,
569 2613 695 2663 ramenta
711 2603 797 2681 pellis
817 2604 953 2662 cervinae
973 2600 1087 2660 deiecta

92 2687 206 2766 pumice
229 2705 265 2745 ex
280 2696 365 2747 aceto
380 2687 462 2762 trita,
483 2685 582 2746 rubori
596 2703 659 2745 com
673 2686 819 2764 prurigine
841 2686 907 2763 equi
923 2700 1023 2761 spuma
1040 2691 1088 2743 aut

56 2784 83 2826 uo
92 2770 218 2846 ungulae
241 2771 329 2844 ciuis,
357 2768 553 2847 eruptionibus
574 2770 693 2847 pituitae
720 2770 821 2829 asinini
844 2768 901 2828 fimi
923 2768 997 2826 cinis
1023 2785 1087 2827 cum

91 2855 216 2928 butyro,
239 2855 353 2931 papulis
374 2854 464 2930 nigris
484 2853 618 2931 caprinus
641 2871 745 2913 caseus
766 2852 862 2912 siccus
886 2869 923 2910 ex
945 2850 1033 2912 melle
1057 2859 1087 2910 et

92 2947 178 2998 aceto
194 2938 223 2997 in
238 2936 369 3013 balineis,
385 2937 452 2996 oleo
469 2946 597 3015 remoto,
621 2937 730 3016 pusulis
754 2936 831 2997 suilli
852 2936 909 2996 llrni
925 2936 996 2995 cinis
1012 2952 1086 3013 aqua

91 3022 189 3081 inlitos
206 3021 253 3080 vel
269 3039 375 3081 cornus
398 3022 507 3081 cervini
523 3021 604 3081 cinis.
629 3021 712 3100 (70.)
733 3020 838 3081 luxatis
853 3037 958 3079 recens
973 3020 1128 3082 hmumbdl

92 3121 230 3182 aprunum
247 3104 296 3164 vel
311 3105 440 3179 suillum,
466 3106 532 3164 item
554 3105 717 3183 vitulinum,
741 3105 835 3164 verris
858 3119 959 3182 spuma
981 3119 1085 3161 recens

57 3204 82 3245 an
93 3205 156 3247 curn
172 3196 266 3263 aceto,
283 3188 378 3247 limum
390 3188 535 3264 caprinum
551 3205 616 3247 cum
629 3187 727 3264 melle,
744 3186 848 3246 bubula
863 3203 932 3246 caro
948 3185 1082 3262 inposita.

93 3269 128 3329 ad
151 3280 279 3330 tumores
300 3271 394 3330 limum
421 3269 533 3328 suillum
560 3269 612 3329 suh
634 3278 709 3330 testo
734 3270 906 3330 calefactum
933 3269 1085 3344 tritumque

94 3371 156 3411 corn
172 3355 249 3413 oleo.
284 3353 401 3419 duritias
425 3369 580 3429 corporum
599 3356 690 3413 omnis
711 3353 802 3411 mollit
825 3360 940 3429 optume
963 3349 1045 3427 adips
1068 3367 1084 3407 e

93 3435 168 3512 lupis
183 3436 288 3496 inlitus.
329 3436 365 3496 In
379 3435 423 3495 his
439 3452 512 3511 quae
528 3453 664 3512 rumpere
679 3453 753 3512 opus
770 3443 814 3494 est
836 3433 995 3511 plurumum
1017 3448 1085 3504 pro-
