2400 3840
126 193 166 255 30
478 205 508 251 o.
524 203 621 251 anxur
632 202 786 251 anounnx

128 367 214 420 uncto
238 361 326 418 nutrit
349 359 500 438 capillum,
529 367 560 416 et
574 375 612 417 eo
630 356 665 416 ad
679 356 827 435 alopecias
844 359 886 416 sic
910 364 1036 416 utuntur.
1068 376 1125 437 quo

129 442 220 520 pluris
246 460 335 502 nuces
364 444 428 520 quis
448 442 543 502 ederit
569 440 626 499 hoc
646 439 758 499 facilius
780 442 890 499 taenias
920 441 1011 519 pellit.
1051 459 1125 519 quae

130 533 305 604 perveteres
321 534 387 585 sunt
400 544 489 586 nuces
504 524 680 602 gangraenis
703 532 733 584 et
758 523 939 583 carbunculis
962 524 1124 601 medentur,

129 611 199 668 itenr
214 608 390 686 suggillatis,
399 618 503 668 cortex
520 607 694 685 iuglandium
712 606 856 666 lichenum
867 609 939 667 vitio
954 615 984 667 et
999 607 1126 684 dysinte-

88 693 234 768 11911111,
262 691 333 751 lolia
359 695 425 751 trita
448 710 512 752 cum
532 699 616 751 aceto
639 693 748 750 aurium
767 690 870 750 dolori.
903 693 1148 759 insanetuariiss

128 774 301 835 Mithridatis
316 777 439 834 maxumi
457 778 538 853 regis
555 774 662 834 devicti
684 773 734 834 Gn.
760 773 918 852 Pompeius
943 777 1055 834 invenit
1076 793 1126 853 pe·

129 859 231 919 culiari
258 861 464 919 commentario
492 861 583 937 ipsius
602 877 685 917 mauu
707 858 943 936 conpositionem
962 858 1083 918 antidoti
1108 877 1124 918 e

129 942 238 1003 duabus
256 943 376 1002 nucibus
399 944 502 1018 siccis,
530 944 599 1002 item
618 943 679 1001 licis
702 941 822 1001 totidem
844 951 873 1001 et
891 949 972 1001 rutae
991 941 1127 1002 10111111-

130 1027 203 1103 giuti
221 1024 304 1085 simul
321 1028 414 1102 tritis,
429 1025 526 1087 addito
543 1025 611 1085 salis
629 1043 737 1102 grano,
762 1033 792 1086 et
807 1027 855 1103 qui
871 1025 927 1084 hoc
944 1027 1057 1085 ieiunus
1080 1044 1126 1086 su-

130 1117 187 1167 mat
204 1108 313 1169 nullum
327 1128 469 1169 venenum
485 1112 645 1170 nociturum
661 1109 713 1169 illo
729 1109 784 1170 die.
814 1118 914 1169 contra
927 1108 1037 1168 rabiosi
1056 1126 1126 1186 quo·
1138 1125 1161 1166 uo

130 1209 186 1269 que
210 1194 287 1252 canis
311 1211 437 1252 morsum
460 1194 489 1253 hi
508 1193 602 1253 nuclei
627 1210 643 1251 a
665 1195 763 1253 ieiuno
780 1192 896 1252 homine
912 1193 1127 1252 conmanducati

129 1275 262 1355 inlitique
274 1279 421 1354 praesenti
437 1278 567 1338 remedio
585 1296 654 1337 esse
669 1279 807 1337 dicuutur.

88 1371 140 1423 150
190 1360 271 1439 (78.)
304 1360 401 1421 Nuces
417 1362 567 1422 abellanae
591 1363 693 1439 capitis
711 1360 843 1420 dolorem
863 1360 971 1420 iaciunt
996 1368 1026 1420 et
1047 1360 1127 1418 iulla·

131 1446 241 1505 tionem
255 1446 406 1521 stomachi,
419 1447 537 1525 corpori
551 1454 581 1506 et
594 1445 784 1523 pinguitudini
796 1445 950 1504 conferunt
964 1445 1028 1523 plus
1044 1460 1126 1520 quam

130 1531 168 1588 sit
190 1528 358 1589 verisimile.
396 1529 450 1588 hae
473 1538 568 1590 tostae
592 1538 622 1588 et
648 1527 837 1588 destillationi
864 1527 1031 1605 medentur,
1053 1529 1125 1586 tussi
1139 1551 1160 1589 ua

130 1629 246 1690 quoque
269 1614 364 1672 ueteri
389 1614 475 1671 tritae
497 1614 528 1671 in
543 1629 615 1689 aqua
630 1611 721 1670 mulsa
742 1619 838 1688 potae.
873 1610 987 1687 qnidam
1002 1610 1127 1670 adiciunt

131 1712 218 1771 grana
236 1695 358 1772 piperis,
375 1694 423 1754 alii
439 1713 456 1754 o
474 1712 562 1773 passo
578 1695 688 1754 hibunt.
720 1693 845 1752 Pistacia
866 1693 986 1754 eosdem
1004 1712 1072 1754 usus
1097 1702 1127 1754 et

132 1777 254 1837 effectus
272 1776 380 1838 habent
397 1795 470 1855 quos
486 1778 581 1837 nuclei
596 1779 675 1856 pinei
698 1785 874 1855 praeterque
889 1778 924 1836 ad
946 1779 1126 1855 serpentium

131 1864 221 1937 ictus,
237 1862 301 1920 siue
316 1860 436 1921 edantur
452 1863 515 1920 sive
530 1861 673 1921 bibantur.
708 1858 869 1921 Castaneas
886 1860 1077 1921 vehementer
1090 1863 1127 1919 si·

131 1953 209 2003 stunt
224 1944 364 2004 stomachi
382 1954 412 2005 et
429 1947 540 2005 ventris
560 1945 725 2022 ductiones,
742 1943 836 2004 alvom
852 1945 941 2022 cient,
959 1947 1161 2020 sanguinemao

132 2029 351 2089 exscreantibus
370 2038 504 2108 prosunt,
519 2031 612 2089 caruis
629 2028 716 2088 alunt.

90 2124 139 2175 151
190 2112 271 2191 (79.)
302 2112 430 2191 Siliquae
448 2121 585 2173 recentes
597 2112 745 2172 stomacho
758 2112 876 2172 inutiles
892 2110 987 2171 alvom
1001 2109 1125 2171 solvont.

133 2195 252 2255 eaedem
274 2197 399 2256 siccatae
421 2198 526 2256 sistunt
543 2196 750 2273 stomachoque
763 2195 896 2255 utiliores
912 2195 999 2271 liunt,
1018 2195 1127 2253 urinam

132 2280 218 2338 cient.
250 2278 383 2355 Syriacas
391 2282 424 2339 in
443 2279 547 2339 dolore
565 2279 704 2339 stomachi
725 2287 822 2339 ternas
838 2281 868 2336 in
882 2295 973 2356 aquae
990 2279 1126 2336 sextariis

132 2360 274 2421 decocunt
290 2362 403 2440 quidam
416 2362 450 2422 ad
472 2363 615 2424 dimidium
633 2381 755 2440 eumque
768 2380 866 2422 sucum
881 2361 993 2421 bibunt.
1029 2357 1125 2420 Sudor
1134 2381 1160 2421 as

132 2447 233 2524 virgae
257 2449 338 2506 corni
364 2448 479 2507 arboris
504 2447 597 2506 lamna·
618 2447 760 2507 candente
782 2447 879 2506 terrea
904 2452 1044 2523 exceptus
1068 2461 1126 2504 nou

132 2532 320 2608 contingente
336 2531 417 2609 ligno
435 2531 573 2608 inlitaque
590 2530 656 2591 inde
674 2533 794 2608 ferrugo
809 2529 973 2607 incipientis
995 2526 1124 2587 lichenas

133 2623 221 2674 sanat.
250 2614 379 2675 arbutus
392 2618 455 2675 sive
468 2615 563 2675 unedo
577 2615 699 2675 fructum
712 2616 769 2674 lert
784 2611 930 2674 difficilem
941 2611 1125 2671 concoctioni

134 2705 163 2756 et
181 2698 329 2758 stomacho
344 2699 481 2759 inutilem.

91 2790 142 2844 151
196 2779 276 2860 (80.)
304 2781 413 2842 Laurus
435 2781 667 2842 excalfactoriam
688 2789 815 2841 naturam
834 2780 923 2840 habet
938 2787 968 2839 et
990 2779 1070 2839 loliis
1095 2786 1161 2838 etao

133 2865 244 2922 cortice
264 2872 295 2922 et
321 2864 400 2924 bacis
427 2868 554 2942 itemque
581 2864 731 2925 decoctum
753 2883 791 2923 ex
807 2864 870 2940 his,
891 2880 1021 2923 maxume
1036 2862 1126 2938 loliis,

134 2946 277 3025 prodesse
298 2947 393 3007 volvis
418 2956 449 3008 ot
469 2950 576 3009 vesicis
597 2949 742 3008 convenit.
770 2947 858 3026 'inlita
879 2964 951 3007 vero
973 2944 1127 3024 vesparum

134 3029 362 3108 crabronumque
381 3033 537 3110 etapium,
558 3034 626 3092 item
642 3033 820 3111 serpentium
834 3033 955 3092 venenis
976 3031 1126 3104 resistunt,

133 3131 263 3174 maxume
289 3132 396 3193 sopos‚
418 3115 544 3193 dipsadis
570 3124 599 3176 et
625 3118 754 3195 viperae.
788 3122 909 3194 prosunt
927 3123 956 3173 et
978 3113 1126 3173 mensibus

134 3199 301 3258 laminarum
315 3217 379 3258 oum
395 3198 464 3259 oleo
481 3208 580 3276 cocta,
595 3218 658 3260 cum
672 3199 790 3278 polenta
813 3207 907 3259 autern
926 3215 1000 3274 quae
1025 3205 1158 3260 teneras

135 3290 200 3342 suut
216 3284 283 3344 trita
297 3282 331 3342 ad
342 3281 578 3344 inflammationes
592 3283 751 3360 oculorum,
767 3301 830 3342 oum
842 3290 905 3341 ruta
920 3283 1047 3357 testium,
1063 3296 1126 3340 cum

136 3382 259 3427 rosaceo
281 3368 384 3445 capitis
401 3366 532 3443 dolores,
558 3375 605 3426 aut
621 3384 685 3426 oum
701 3368 784 3426 irino.
817 3367 885 3444 quin
905 3373 935 3432 et
955 3362 1126 3424 conmandu-

127 3457 198 3508 cata
212 3458 298 3528 atque
314 3451 453 3512 devorata
474 3469 527 3530 per
549 3452 672 3512 triduum
688 3458 770 3510 terna
785 3448 912 3509 liberant
927 3450 1011 3526 tussi,
1024 3447 1126 3508 eadem
