2400 3840
132 189 191 254 188
480 203 511 250 c.
529 203 624 250 eninr
638 201 787 250 saccum

129 367 158 417 et
175 375 299 417 rosaceo
313 360 414 436 aequis
432 355 628 436 portionibus,
645 357 801 435 praecipue
816 370 888 413 vcro
903 352 1044 412 taurinum
1061 372 1125 413 cum

128 443 208 521 porri
229 458 300 500 suco
318 441 444 518 tepidum
467 441 515 500 vel
532 459 594 500 cum
616 440 720 514 melle,
746 439 770 496 si
786 445 941 517 suppuret,
963 446 1125 514 contraque

129 525 249 585 odorem
263 542 386 600 gravem
401 543 455 603 per
472 543 504 584 se
520 524 695 601 tepefactum
711 525 740 582 in
755 522 915 581 malicorio.
946 528 1029 598 rupta
1046 521 1076 579 in
1092 539 1126 580 ea

88 616 232 686 ltlparte
257 626 319 666 cum
341 609 416 670 lacte
437 608 584 667 mulierum
609 607 770 666 efficaciter
790 614 880 664 sanat.
910 604 1024 682 quidam
1040 606 1126 664 etiam

128 695 294 766 ingravatus
309 693 386 751 auris
403 693 446 749 sic
463 690 636 768 perluendas
651 696 765 768 putant,
783 690 829 748 alii
848 705 911 747 cum
926 697 1046 748 senecta
1063 703 1148 748 ser-c

127 776 253 853 pontium
269 783 297 832 et
312 783 396 833 aceto
414 774 560 834 includunt
574 773 638 832 lana
657 773 768 832 colutas
783 781 849 832 autc
868 771 961 831 calida
976 788 1052 849 aqua
1069 781 1126 848 aut,

129 859 154 916 si
169 858 260 915 maior
276 858 312 915 sit
327 858 454 932 gravitas
469 858 594 933 aurium,
618 857 658 916 iel
675 875 738 915 com
753 873 847 916 murra
869 864 898 914 et
918 864 981 914 ruta
1001 857 1031 913 in
1045 857 1125 915 mali-

130 942 211 999 corio
234 940 425 999 excalfactum
446 940 610 1018 inlundunt,
641 939 750 999 lardum
773 956 889 1017 quoque
910 939 1036 1017 pingue,
1059 940 1126 999 item

129 1021 222 1079 limum
239 1022 310 1079 asini
330 1039 513 1082 recenseam
531 1040 656 1082 rosaceo
673 1023 839 1098 instillatur,
857 1023 950 1081 omnia
968 1022 1124 1099 tepefacta.

131 1104 227 1164 utilior
239 1107 304 1181 equi
319 1124 418 1182 spuma
436 1107 482 1166 uel
498 1109 593 1184 equini
611 1107 667 1166 imi
683 1108 809 1165 recentis
821 1107 892 1165 cinis
909 1123 973 1164 cum
988 1122 1125 1181 rosaceo,
1135 1121 1156 1162 ιι

130 1186 262 1262 butyrum
278 1207 399 1262 recens,
423 1190 522 1251 sebum
538 1190 673 1249 bubulum
691 1208 754 1248 cum
771 1189 855 1268 adipe
872 1189 1025 1266 anserino,
1047 1191 1126 1248 urina

131 1288 238 1348 caprae
259 1272 307 1331 vel
323 1273 396 1331 tauri
411 1283 459 1334 aut
477 1274 597 1333 fullonia
613 1283 696 1332 vetus
720 1272 860 1348 calfacta,
883 1289 992 1351 uapore
1015 1290 1069 1351 per
1088 1274 1125 1332 la·

88 1362 138 1417 175
149 1372 243 1430 genae
261 1355 367 1415 collum
388 1357 539 1417 subeunte.
575 1357 733 1416 admiscent
749 1357 824 1415 aceti
841 1357 953 1415 tertiam
968 1364 1082 1433 partem
1099 1364 1127 1415 ct

131 1437 237 1514 aliquid
253 1441 350 1498 urinae
372 1440 451 1500 vituli
473 1444 521 1519 qui
542 1441 667 1500 nondum
688 1438 807 1498 herbam
828 1442 1004 1515 gustaverit,
1033 1440 1126 1499 limum

132 1524 216 1580 etiam
237 1523 325 1581 rnixto
342 1523 413 1582 felle
430 1524 559 1583 eiusdem
578 1531 607 1583 et
629 1532 725 1582 cutem
742 1541 825 1599 quarn
844 1523 988 1581 relincunt
1004 1531 1157 1599 angues,1t

132 1605 302 1665 excalfactis
320 1608 399 1682 prius
417 1606 550 1681 auribus,
575 1607 639 1666 lana
660 1615 753 1666 autem
774 1606 960 1666 medicamina
983 1623 1017 1664 ea
1039 1606 1127 1665 inclu-

132 1686 244 1760 duntur,
276 1687 396 1763 prodest
410 1697 438 1747 et
452 1689 551 1748 sebum
566 1691 647 1749 vitali
668 1708 732 1749 cum
752 1690 863 1748 anseris
884 1688 970 1767 adipe
992 1698 1021 1748 et
1044 1689 1128 1749 ocimi

132 1787 222 1844 suco,
246 1769 374 1828 eiusdem
395 1771 518 1830 medulla
542 1772 667 1831 admixto
691 1775 803 1831 cumino
824 1774 891 1831 trito
914 1772 1018 1832 inlusa.
1049 1774 1129 1831 virus

131 1854 273 1910 verrinum
296 1871 312 1910 e
334 1855 432 1913 scroia
447 1864 600 1932 exceptum
619 1857 783 1933 priusquam
798 1865 902 1915 terram
919 1856 1039 1932 attingat
1061 1872 1128 1916 con·-

89 1943 140 1998 176
151 1945 194 1996 tra
217 1935 345 1995 dolores.
384 1939 498 1998 auribus
525 1939 623 1998 fractis
652 1940 791 2016 glutinum
813 1940 952 1999 enaturis
973 1938 1158 2000 vitulorumtt

131 2019 238 2078 iactum
258 2029 287 2079 et
311 2022 338 2078 in
359 2039 432 2099 aqua
448 2023 600 2100 liquatum,
624 2023 688 2082 aliis
705 2024 779 2082 vitiis
795 2022 877 2101 adips
894 2021 1039 2099 volpium,
1062 2018 1128 2083 item

131 2102 172 2160 iel
189 2104 336 2181 caprinum
358 2123 420 2164 curn
433 2123 557 2165 rosaceo
572 2106 671 2184 tepido
687 2115 734 2165 aut
747 2107 828 2184 porri
844 2121 915 2164 suco
930 2113 988 2180 aut,
1005 2108 1030 2164 si
1045 2115 1128 2184 rupta

132 2187 189 2243 sint
203 2186 298 2261 aliqua
314 2187 362 2262 ibi,
379 2207 395 2246 e
411 2189 486 2246 lacte
501 2189 637 2247 mulieris.
671 2190 695 2248 si
712 2191 840 2263 gravitas
863 2191 900 2248 sit
915 2188 1067 2268 audiendi,
1087 2188 1128 2248 iel

132 2266 267 2325 bubulum
288 2285 350 2326 cum
368 2273 448 2329 urina
464 2288 570 2347 caprae
585 2272 633 2331 vel
653 2271 742 2346 hirci,
759 2271 807 2330 vel
822 2273 846 2330 si
863 2289 916 2350 pus
931 2271 978 2331 sit.
1011 2273 1041 2331 iu
1057 2288 1128 2350 quo·

114 2368 255 2428 ⁸cumque
271 2359 365 2410 autern
382 2372 434 2411 usu
452 2362 551 2431 putant
567 2356 733 2414 efficaciora
754 2355 826 2413 haec
849 2356 877 2414 in
897 2372 986 2414 cornu
1008 2357 1159 2433 capriana

92 2442 141 2498 177
155 2452 208 2511 per
223 2434 286 2494 dies
302 2437 402 2512 viginti
420 2438 563 2498 infumata.
594 2439 711 2498 laudant
727 2447 755 2496 et
774 2440 926 2514 coagulum
942 2439 1055 2516 leporis
1072 2447 1128 2498 ter·

133 2519 172 2577 tia
195 2518 294 2578 denari
318 2530 400 2598 parte
426 2539 463 2580 ex
490 2522 661 2599 dimidiaque
688 2524 829 2599 sacopeni
853 2524 881 2579 in
906 2521 1029 2581 Amineo
1051 2522 1128 2580 vino.

133 2602 279 2681 parotidas
297 2605 409 2664 ursinus
425 2606 507 2685 adips
524 2608 675 2684 conprimit
691 2607 752 2683 pari
769 2605 897 2682 pondere
921 2623 1009 2664 cerae
1026 2615 1055 2664 et
1070 2614 1128 2664 tau·

133 2686 186 2742 rini
208 2685 279 2744 sebi.
312 2688 418 2748 addunt
438 2689 551 2766 quidam
571 2688 803 2766 hypocisthidem
819 2697 848 2746 et
867 2706 921 2766 per
944 2706 976 2747 se
999 2688 1130 2763 butyrum

133 2766 285 2845 inlinitum,
303 2773 327 2828 si
343 2773 422 2849 prius
438 2772 590 2831 foveantur
604 2773 662 2830 leni
678 2772 780 2832 Gracci
797 2771 912 2830 decocti
926 2787 1012 2848 suco,
1029 2772 1159 2830 cilico-³⁰

136 2850 196 2906 cius
218 2867 281 2908 curn
306 2854 453 2927 strychno.
490 2863 611 2931 prosunt
633 2864 663 2913 et
684 2855 812 2931 volpium
834 2864 927 2914 testes
947 2864 977 2913 et
1001 2857 1130 2914 taurinus

136 2932 251 3006 sanguis
267 2935 361 2993 aridus
373 2938 466 3011 tritus,
480 2939 560 2996 urina
573 2955 679 3014 caprae
696 2937 838 2997 calefacta
852 2936 988 2997 instillata
1002 2936 1128 3012 auribus,

136 3014 229 3073 limum
246 3017 374 3076 eiusdem
391 3037 453 3077 curn
470 3021 594 3096 axungia
611 3020 729 3078 inlitum.

92 3107 144 3162 178
206 3100 290 3180 (49.)
312 3101 413 3160 Dentis
428 3103 542 3161 mobilis
558 3104 705 3162 confirmat
728 3105 835 3162 cervini
855 3121 960 3162 cornus
983 3103 1055 3162 cinis
1079 3104 1129 3163 do·

133 3181 272 3261 loresque
289 3203 387 3244 eorum
402 3189 522 3263 mitigat,
541 3188 604 3245 sive
620 3187 789 3246 infricentur
806 3188 867 3246 sive
885 3187 1045 3246 coluantur.
1070 3187 1162 3265 qui-³⁶

135 3267 198 3326 darn
213 3267 409 3329 efficaciorem
425 3270 460 3329 ad
476 3273 566 3329 omnis
581 3271 699 3330 eosdem
709 3289 777 3330 usus
793 3270 873 3330 crudi
889 3288 995 3330 cornus
1011 3271 1131 3329 farinam

52 3400 61 3417 ,
135 3349 316 3413 arbitrantur.
350 3354 512 3413 dentifricia
526 3363 647 3431 utroque
668 3354 753 3413 modo
777 3355 854 3413 liunt.
883 3372 1015 3431 magnum
1038 3371 1129 3413 reme-

136 3432 264 3496 diumest
276 3441 303 3497 in
319 3437 449 3512 luporum
466 3440 567 3515 capitis
583 3439 690 3498 cinere.
709 3446 818 3496 certum
829 3446 874 3497 est
891 3440 918 3496 in
934 3437 1130 3496 excrementis
