2400 3840
179 198 535 252 utn.n1sn.xxxt.11.
551 187 681 266 (ttoe)
700 190 937 267 xxxn11.1(1.)
997 188 1058 252 285

351 402 558 486 (ll’bllll
583 401 818 487 statutt

175 570 559 666 tt-tdttttt
601 570 984 666 tttttttttttt

398 749 761 816 nnnnnxxxn.

494 914 648 924 ..—

124 1018 220 1096 (Sect.
234 1018 279 1095 1.)
301 1016 424 1076 Ventum
436 1025 482 1075 est
495 1016 532 1076 ad
543 1033 651 1075 summa
666 1024 783 1076 naturae
799 1014 1081 1096 exemplorumquel

25 1115 115 1180 sopor
129 1119 224 1161 rerum
239 1100 384 1177 ordinem,
402 1107 432 1159 et
448 1101 542 1178 ipsum
559 1117 610 1158 sua
626 1108 730 1177 sponte
752 1102 878 1161 occurrit
897 1101 1055 1159 inmensum

60 1186 208 1264 potentiae
224 1182 358 1242 occultae
376 1181 585 1258 documentum,
601 1191 631 1240 ut
646 1200 767 1260 prorsus
781 1200 876 1261 neque
890 1182 967 1242 aliud
981 1182 1055 1243 ultra

62 1268 160 1344 quaeri
181 1266 285 1326 debeat
299 1283 354 1325 nec
372 1283 425 1343 par
445 1283 480 1326 ac
502 1265 595 1325 simile
609 1265 703 1343 possit
717 1267 848 1343 inveniri,
867 1267 929 1344 ipsa
946 1284 978 1325 se
994 1267 1054 1324 vin·

61 1358 266 1425 contemtum,
279 1349 434 1428 etquidem
446 1349 606 1409 numerosis
617 1347 720 1408 modis.
736 1347 804 1427 quid
816 1349 890 1408 enim
901 1348 1055 1408 violentius

60 1433 130 1492 mari
146 1433 278 1492 ventisve
294 1441 323 1492 et
343 1432 502 1492 turbinibus
517 1450 552 1493 ac
571 1429 731 1509 procellis?
756 1447 813 1509 quo
836 1433 945 1491 maiore
964 1431 1054 1490 homi·

25 1529 51 1572 ιιι
61 1533 127 1576 num
140 1517 258 1594 ingenio
272 1516 302 1576 iu
316 1515 375 1574 ulla
389 1516 433 1574 sui
449 1524 531 1595 parte
545 1515 640 1576 adiuta
653 1522 697 1574 est
708 1532 791 1593 quam
805 1514 879 1575 velis
890 1511 1055 1592 remisque?

61 1600 179 1660 addatur
200 1599 245 1659 his
267 1608 295 1658 et
315 1600 461 1675 reciproci
484 1607 581 1658 aestus
601 1596 801 1658 inenarrabilis
821 1600 866 1657 vis
882 1615 1054 1676 versumque

60 1691 149 1743 totum
169 1700 247 1742 mare
273 1683 302 1740 in
324 1682 438 1742 dumea.
472 1680 544 1761 Gap.
560 1684 586 1743 1.
610 1689 704 1741 tamen
725 1682 818 1741 omnia
839 1681 912 1741 haec
934 1681 1088 1759 pariter-t

60 1783 117 1845 que
138 1766 241 1826 eodem
261 1765 430 1844 inpellentia
453 1783 526 1825 unus
552 1783 587 1826 ac
606 1781 713 1844 parvos
734 1765 884 1825 admodum
899 1762 1055 1843 pisciculus

60 1849 195 1911 echenais
215 1849 379 1928 appellatus
401 1850 430 1909 in
453 1868 486 1910 se
506 1859 595 1909 tenet.
622 1857 704 1909 ruant
721 1850 799 1908 venti
819 1849 905 1924 licet,
927 1849 1062 1909 saeviant-

22 1933 226 2012 mprocellae‚
248 1935 369 2012 imperat
391 1933 482 1992 furori
502 1934 629 2012 virisque
651 1940 744 1991 tantus
761 1933 913 2010 conpescit
932 1940 961 1990 et
977 1932 1056 2008 cogit

59 2024 136 2077 stare
154 2016 284 2092 navigia,
308 2015 385 2094 quod
405 2033 463 2076 non
485 2016 599 2075 vincula
616 2014 690 2089 ulla,
716 2031 773 2073 non
787 2030 911 2074 ancorae
926 2013 1055 2091 pondere

58 2099 248 2160 inrevocabili
265 2101 367 2159 iactae.
395 2099 518 2159 infrenat
535 2099 658 2176 impetus
680 2105 709 2156 et
730 2098 825 2157 domat
838 2095 932 2156 mundi
947 2095 1055 2157 rabiem

58 2183 137 2242 nullo
155 2199 207 2242 suo
226 2181 345 2258 labore,
369 2199 427 2242 non
440 2181 592 2243 renitendo
609 2189 657 2241 aut
674 2180 731 2242 alio
745 2180 832 2242 modo
847 2196 930 2260 quam
949 2178 1054 2240 adhae-

58 2265 159 2326 rendo.
192 2264 249 2326 hoc
270 2266 380 2326 tantulo
400 2267 470 2327 satis
491 2275 537 2326 est
553 2275 653 2327 contra
671 2274 713 2325 tot
732 2265 856 2344 impetus
869 2272 901 2324 ut
914 2272 993 2323 vetet
1009 2265 1081 2326 iret

23 2349 181 2425 mnavigia
204 2348 256 2409 sed
268 2359 394 2410 armatae
410 2351 523 2411 classes
535 2350 675 2429 inponunt
688 2347 742 2408 sibi
757 2350 873 2408 turrium
887 2365 1054 2427 propugna-

59 2431 123 2492 cula
138 2440 169 2490 ut
188 2432 301 2492 inmari
317 2450 435 2511 quoque
451 2441 593 2510 pugnetur
613 2431 693 2492 velut
709 2450 725 2491 e
739 2432 837 2491 rnuris.
867 2431 924 2491 heu
943 2430 1054 2490 vanitas

57 2514 195 2588 bumana
212 2532 276 2573 cum
290 2524 384 2574 rostra
399 2515 448 2574 illa
464 2533 533 2574 aere
554 2515 692 2591 ferroque
711 2513 745 2572 ad
760 2517 833 2574 ictus
847 2523 954 2574 armata
971 2514 1054 2573 semi·

58 2595 172 2674 pedalis
186 2557 319 2656 inhibere
334 2599 427 2674 possit
444 2615 479 2658 ac
501 2606 602 2657 tenere
617 2596 750 2657 devincta
765 2596 936 2674 pisciculus!
964 2596 1055 2656 fertur

57 2677 180 2739 Actiaco
191 2678 284 2739 blatto
301 2682 429 2741 tenuisse
444 2680 620 2758 praetoriam
635 2697 737 2739 navem
751 2678 857 2738 Antoni
870 2680 1054 2759 properantis

21 2783 48 2826 oo
59 2761 209 2823 circumire
226 2769 256 2820 et
270 2762 416 2822 exhortari
434 2780 520 2838 suos,
545 2761 639 2822 donec
656 2762 790 2821 transiret
804 2762 832 2822 in
848 2763 941 2823 aliam.
975 2761 1053 2822 ideo·

58 2863 115 2923 que
130 2841 302 2906 Caesariana
327 2845 430 2906 classis
450 2848 560 2947 impetu
575 2846 685 2905 maiore
705 2845 835 2924 protinus
850 2846 937 2906 venit.
966 2847 1082 2910 tenult4

58 2937 88 2988 et
101 2934 201 2988 nostra
217 2931 355 2990 memoria
372 2928 423 2991 Gai
437 2930 576 3010 principis
589 2928 626 2990 ab
637 2922 885 2992 Asturadntium
882 2931 1052 3007 renavigan-

57 3012 93 3070 tis
109 3018 138 3071 ut
153 3029 201 3072 res
217 3021 263 3072 est
276 3015 361 3074 etiam
377 3014 532 3093 auspicalis
546 3012 721 3113 pisciculus,
743 3014 883 3093 siquidem
897 3014 1053 3073 novissime

56 3104 114 3155 turn
130 3095 160 3152 in
175 3094 275 3156 urbem
288 3114 425 3158 reversus
437 3098 487 3158 ille
505 3099 662 3178 imperator
673 3099 733 3157 suis
747 3097 814 3158 telis
829 3097 982 3158 confossus
998 3102 1052 3154 est.

21 3195 110 3240 teneo
127 3177 215 3254 longa
230 3179 281 3239 luit
295 3179 372 3240 illius
387 3198 485 3240 morae
503 3181 661 3280 admiratio,
678 3181 772 3241 statim
792 3198 878 3240 causa
892 3178 1052 3252 intellecta,

56 3277 120 3320 cum
135 3279 152 3320 e
167 3269 228 3321 tota
243 3261 339 3322 classe
347 3264 564 3361 quinqueremis
577 3264 641 3325 sola
656 3280 713 3323 non
731 3264 899 3343 proficeret,
915 3261 1051 3322 exsilien-

55 3343 131 3403 tibus
154 3346 283 3422 protinus
307 3347 353 3424 qui
370 3356 544 3425 quaererent
558 3349 636 3407 circa
652 3364 765 3406 narem.
794 3348 932 3406 invenere
946 3344 1050 3404 adhae-

54 3434 166 3487 rentem
178 3428 379 3505 gubemaculo
390 3427 715 3508 ostenderuntquedaio
725 3429 881 3507 indignanti
890 3429 947 3489 hoe
959 3428 1051 3488 luisse
