2400 3840
130 169 193 232 aot
466 182 496 230 o.
512 183 608 231 emur
624 182 772 230 snounnr

131 340 194 416 quis
209 353 339 395 maxume
351 335 476 414 probari.
508 336 560 395 sed
571 336 600 395 hi
613 337 752 396 rationem
764 336 911 411 adierunt,
931 336 1064 412 quoniam
1080 335 1123 394 le·

131 423 247 479 vissima
264 421 300 479 sit
315 419 443 478 imbrium
462 436 535 496 quae
550 419 646 478 subire
663 421 787 496 potuerit
807 437 840 478 ac
855 417 982 497 pendere
998 418 1027 478 in
1042 435 1122 477 aere.

85 515 123 571 32
135 504 201 563 ideo
217 511 246 562 et
261 504 333 562 nivis
350 503 530 580 praeierunt,
551 501 720 579 nivibusque
735 505 817 561 etiam
840 501 965 577 glaciem
986 501 1064 560 velut
1087 500 1122 559 ad

130 588 265 646 inlinitum
279 594 378 646 coacta
395 585 561 645 subtilitate.
588 584 699 644 leviora
708 588 782 644 enim
794 586 868 645 haec
880 602 947 644 esse
959 592 988 642 et
998 583 1124 659 glaciem

130 669 218 729 multo
236 670 376 728 leviorem
394 685 476 745 aqua.
506 667 606 726 horum
618 671 785 727 sententiam
797 667 892 727 reielli
905 669 1024 726 interest
1031 668 1144 732 'viteam

129 753 273 829 inprimis
290 753 362 810 enirn
379 751 482 809 levitas
495 749 545 810 iila
560 750 738 830 deprehendi
759 751 843 810 aliter
860 767 942 827 quam
965 767 1052 808 sensu
1075 750 1125 809 vix

128 838 244 912 ¹potest,
262 834 340 893 nullo
356 850 450 910 paene
465 843 610 894 momento
625 833 760 911 ponderis
781 835 862 912 aquis
878 835 953 892 inter
969 850 1001 890 se
1019 832 1123 891 distan-

131 918 217 976 tibus.
250 934 305 976 neo
319 916 445 975 levitatis
460 916 489 974 in
515 917 611 993 pluvia
633 935 705 994 aqua
726 925 922 993 argumentum
943 924 987 974 est
1009 915 1123 974 subisse

130 1017 194 1058 eam
209 1003 237 1058 in
249 999 375 1072 caelum,
393 1016 455 1057 oum
472 1002 557 1059 etiam
567 999 679 1077 lapides
693 998 791 1058 subire
808 998 945 1076 adpareat
956 998 1123 1076 cadensque

130 1083 271 1141 inficiatur
281 1081 368 1140 halitu
379 1090 492 1159 terrae,
505 1099 562 1160 quo
578 1084 608 1141 lit
618 1091 648 1143 ut
661 1082 776 1159 pluviae
788 1099 879 1158 aquae
890 1081 1016 1141 sordium
1026 1080 1122 1158 plura·
1131 1099 1154 1141 ao

131 1183 206 1223 mum
223 1167 320 1224 inesse
338 1166 475 1225 sentiatur
490 1167 683 1243 citissimeque
702 1165 769 1225 ideo
781 1164 898 1224 'celeliel
919 1181 993 1242 aqua
1015 1163 1122 1241 pluvia.

86 1258 123 1311 33
132 1250 228 1307 nivem
246 1248 360 1325 quidem
374 1248 556 1326 glaciemque
574 1248 785 1308 subtilissimum
801 1248 935 1306 elementi
954 1248 1016 1306 eius
1031 1246 1122 1306 videri

130 1334 218 1391 miror
240 1329 373 1409 adposito
385 1330 552 1408 grandinum
565 1340 749 1409 argumento,
765 1348 782 1389 e
799 1330 902 1407 quibus
920 1329 1122 1407 pestilentissi-

130 1433 205 1477 mum
221 1423 317 1494 potum
333 1432 401 1474 esse
413 1416 557 1474 convenit.
583 1432 639 1473 nec
653 1431 725 1474 vero
740 1415 824 1492 pauci
839 1416 913 1472 inter
928 1415 1008 1489 ipsos
1025 1429 1122 1472 econ·

130 1499 217 1558 trario
235 1516 272 1556 ex
287 1497 356 1574 gelu
378 1515 413 1556 ao
436 1497 548 1557 nivibus
578 1496 813 1557 insaluberrimos
836 1505 920 1574 potus
942 1495 1155 1572 praedicantis

131 1583 263 1658 quoniam
289 1589 420 1639 exactum
441 1581 476 1638 sit
503 1579 570 1638 inde
591 1579 668 1658 quod
687 1581 879 1639 tenuissimum
905 1579 1000 1638 fuerit.
1037 1578 1123 1636 minui

132 1672 212 1721 certe
236 1663 376 1740 liquorem
402 1680 515 1722 omnem
536 1662 741 1738 congelatione
764 1661 988 1740 deprehenditur
1008 1670 1037 1720 et
1055 1677 1123 1720 rore

129 1746 215 1803 nimio
233 1744 360 1802 scabiem
372 1745 446 1819 lieri,
462 1746 561 1822 pruina
573 1745 731 1819 uredinem,
749 1745 881 1822 cognatis
892 1752 921 1803 et
933 1744 1006 1802 nivis
1017 1745 1121 1802 causis.

88 1837 123 1892 34
133 1828 246 1905 pluvias
261 1827 375 1904 quidem
389 1844 478 1903 aquas
489 1826 640 1886 celerrime
656 1836 824 1905 putrescere
840 1828 975 1886 convenit
989 1827 1123 1885 minume·

131 1928 186 1989 que
202 1907 305 1969 durare
320 1912 348 1968 in
363 1911 555 1986 navigatione.
586 1909 737 1986 Epigenes
753 1918 845 1969 autem
863 1926 963 1987 aquam
982 1927 1055 1987 quae
1077 1926 1155 1968 seno

130 1995 224 2072 ptiens
240 1993 402 2071 putrefacta
417 2003 538 2070 purgata
548 1995 586 2052 sit
596 1993 642 2053 uit
652 1993 773 2071 amplius
788 2010 844 2052 non
859 2002 1043 2070 putrescere
1059 2011 1123 2052 narn

130 2079 270 2135 cisternas
283 2079 365 2135 etiarn
376 2075 479 2135 medici
492 2077 662 2135 confitentur
670 2076 775 2135 inutilis
787 2076 853 2134 alvo
867 2076 968 2135 duritia
977 2074 1122 2134 faucibus·

130 2176 200 2235 que,
222 2191 264 2202 -
288 2161 371 2218 etiam
394 2159 453 2217 limi
473 2174 530 2216 non
545 2159 608 2218 aliis
623 2161 720 2218 inesse
735 2158 800 2236 plus
814 2167 860 2217 aut
875 2158 1033 2217 animalium
1049 2175 1124 2236 quae

86 2253 120 2306 35
132 2241 240 2301 iaciunt
251 2240 376 2299 taedium
386 2242 548 2302 oonlitentis
563 2241 685 2318 habeut,
699 2275 741 2287 —
756 2259 811 2300 nec
827 2243 919 2300 statim
934 2242 1056 2300 amnium
1071 2243 1123 2300 uti·

129 2324 253 2383 lissimas
269 2340 352 2397 esse,
366 2323 448 2382 sicuti
462 2341 515 2383 nec
530 2327 696 2383 torrentium
707 2325 808 2399 ullius,
823 2324 960 2401 lacusque
973 2323 1155 2400 plurumosas

130 2405 264 2465 salubris.
287 2423 425 2483 quaenam
445 2407 530 2482 igitur
554 2415 583 2465 et
603 2410 683 2467 cuius
706 2410 825 2483 generis
840 2403 1025 2483 aptissimae?
1048 2407 1122 2466 aliae

130 2488 207 2548 alibi.
239 2488 405 2548 Parthorum
419 2507 507 2565 reges
522 2508 559 2550 ex
571 2490 706 2569 Choaspe
722 2500 751 2549 et
765 2490 877 2549 Eulaeo
889 2499 995 2549 tantum
1011 2489 1121 2564 bibunt,

129 2571 183 2631 hae
200 2574 329 2650 quamvis
343 2575 372 2631 in
387 2572 543 2650 longinqua
565 2575 734 2634 comitantur
757 2572 833 2632 illos.
863 2573 916 2632 sed
938 2573 1038 2632 horum
1061 2572 1122 2652 pla·

131 2673 199 2714 cere
212 2671 269 2714 non
282 2656 346 2732 quia
359 2657 414 2714 sint
429 2674 527 2715 amnes
542 2657 678 2734 adparet,
698 2658 832 2734 quoniam
843 2671 937 2733 neque
949 2674 966 2714 e
977 2654 1058 2731 'digri
1071 2674 1121 2715 ne-

130 2755 186 2815 que
200 2736 365 2816 Euphrate,
382 2757 475 2817 neque
490 2758 507 2798 e
521 2740 616 2799 multis
631 2738 693 2798 aliis
709 2739 817 2799 bibunt.
1131 2755 1154 2796 ao

88 2831 121 2884 36
195 2819 277 2896 (22.)
299 2820 394 2880 Limus
412 2839 548 2900 aquarum
570 2823 668 2883 vitium
696 2832 750 2881 est.
778 2824 802 2880 si
821 2832 915 2882 tamen
938 2821 1012 2880 idem
1033 2822 1123 2879 amnis

129 2901 263 2978 anguillis
278 2912 405 2979 scateat,
427 2903 602 2965 salubritatis
621 2904 753 2964 indicium
769 2904 903 2978 hahetur,
931 2903 1014 2962 sicuti
1031 2904 1123 2980 lrigo·

130 2985 169 3043 ris
186 2986 295 3044 taenias
311 2988 339 3044 in
354 2987 433 3047 fonte
448 2989 537 3064 gigni.
569 2996 634 3047 ante
647 2989 740 3047 omnia
756 2997 848 3046 autern
865 2988 1031 3047 damnantur
1046 3004 1122 3046 ama·

128 3086 178 3127 rae
195 3076 311 3145 atquae
326 3069 491 3129 sorbentem
509 3072 601 3129 statim
617 3070 742 3146 inplent,
759 3071 835 3147 quod
848 3070 945 3128 evenit
959 3069 1119 3129 Troezene.

129 3169 192 3210 nam
207 3153 332 3212 nitrosas
349 3162 434 3231 atque
457 3152 626 3213 salmacidas
641 3155 668 3211 in
686 3151 809 3213 desertis
824 3152 951 3214 Rubrum
971 3168 1051 3212 mare
1067 3169 1119 3229 pe·
1130 3174 1155 3216 aa

129 3243 223 3293 tentes
239 3235 331 3295 addita
347 3235 465 3312 polenta
481 3235 558 3297 utilis
579 3236 652 3295 intra
673 3236 744 3296 duas
764 3236 851 3295 horas
870 3236 977 3295 iaciunt
999 3236 1121 3314 ipsaque

73 3389 75 3394 Ι
129 3325 283 3377 vescuntur
299 3318 426 3396 polenta.
456 3318 621 3379 damnantur
634 3319 663 3376 in
684 3320 782 3396 primis
801 3336 875 3397 quae
898 3319 978 3376 lonte
1002 3335 1122 3377 caenum

128 3399 235 3459 faciunt
258 3419 389 3480 quaeque
401 3401 503 3460 malum
522 3401 652 3462 colorem
662 3400 842 3477 bibentibus,
860 3401 951 3460 refert
966 3408 994 3459 et
1015 3402 1038 3459 si
1052 3417 1123 3460 vasa
