2400 3840
372 185 698 235 nun.n1sn.xxvrn.
715 184 758 239 19.
775 171 847 254 (77.)
1044 176 1105 241 203

112 350 236 405 tnrat·nt
258 341 305 401 vel
326 340 445 402 abortus
466 350 623 418 evocetur,
644 359 701 401 nec
721 341 806 401 aliter
828 341 995 421 adhibetur,
1016 362 1107 423 quon-

114 428 170 488 iam
192 426 335 485 viventem
359 432 471 503 partum
490 433 586 484 necat.
621 424 750 486 ciusdem
770 426 900 486 animalis
914 427 1009 487 limum
1024 431 1048 488 si
1062 447 1107 488 re·

114 529 184 571 cens
199 511 360 587 inponatur,
372 508 516 586 proilnvia
530 509 677 585 sanguinis
698 510 770 570 mire
789 509 893 570 sedare
909 510 1030 587 dicitur,
1053 529 1108 572 neo

112 612 170 654 non
185 602 215 652 et
236 592 308 651 cinis
330 591 458 651 eiusdem
478 591 552 668 limi,
568 594 615 669 qui
638 601 667 652 et
687 592 792 653 volvae
814 594 934 672 prodest
953 595 1106 674 inpositus.

88 678 186 756 sltqni
210 694 311 755 spuma
326 674 404 735 inlita
420 693 473 754 per
490 675 552 735 dies
566 673 616 735 XL
634 677 713 755 prius
726 694 810 754 quam
827 678 947 756 primum
968 697 1087 739 nascan-
1098 689 1150 742 hot

112 772 157 821 tur
174 760 225 838 pili
240 760 447 834 restinguatur,
462 761 530 818 item
547 776 653 819 cornus
670 761 780 819 cervini
794 761 932 839 decocto,
947 762 1066 839 melius,
1083 764 1107 821 si

112 845 242 905 recentia
258 843 314 902 sint
328 861 445 902 cornua.
473 843 562 902 Lacte
580 845 687 921 equino
708 845 839 904 iuvantur
855 845 961 905 volvae
983 845 1107 905 cointae.

113 926 191 1006 qnod
207 929 232 987 si
247 935 375 987 mortuns
391 935 489 1006 partus
502 928 656 1002 sentiatur,
670 926 767 987 lichen
784 946 877 1007 equae
894 948 911 988 e
929 929 1006 989 dulci
1021 937 1108 1008 potus

113 1012 192 1085 eicit,
208 1013 274 1071 item
288 1011 395 1087 ungula
411 1011 506 1071 suffitu
521 1018 568 1069 ant
583 1010 806 1071 iimnmaridum.
827 1012 938 1072 Volvas
954 1012 1108 1092 prociden-

75 1110 102 1153 10
112 1096 150 1154 tis
166 1093 298 1170 butyrum
315 1095 437 1155 inlusum
458 1095 543 1152 sistit.
574 1093 732 1153 induratam
752 1093 868 1155 volvam
880 1098 973 1176 aperit
995 1096 1036 1156 lel
1057 1095 1107 1155 bu·

110 1177 208 1238 bulum
222 1196 348 1238 rosaceo
364 1178 500 1252 admixto,
515 1177 588 1236 foris
603 1176 715 1236 vellere
732 1195 794 1236 cum
808 1180 904 1238 resina
916 1179 1107 1240 terebinthina

110 1264 247 1340 inposito.
283 1263 360 1320 aiunt
375 1269 404 1320 et
426 1260 523 1319 suiiitu
538 1260 594 1319 fimi
611 1279 627 1320 e
646 1277 725 1319 mare
739 1259 816 1320 bove
833 1261 1011 1339 procidentis
1026 1264 1087 1324 vol·
1099 1275 1151 1328 253

111 1363 164 1411 vas
179 1344 313 1423 reprimi,
333 1352 431 1420 partus
452 1342 596 1418 adiuvari,
622 1351 783 1421 conceptus
801 1361 873 1403 vero
890 1347 1003 1405 vaccini
1025 1346 1108 1406 lactis

112 1436 192 1506 potu
219 1426 407 1487 sterilitatem
422 1444 438 1485 a
454 1435 553 1504 partus
570 1426 724 1486 vexatione
740 1427 803 1486 lieri
826 1435 939 1487 certum·
955 1438 1010 1487 est.
1033 1429 1107 1488 hanc

75 1510 260 1574 reemendari
275 1509 423 1587 Olympias
439 1507 576 1569 Thebana
597 1509 726 1570 adfirmat
747 1509 818 1569 ielle
843 1513 959 1571 taurino
978 1519 1008 1570 et
1021 1510 1107 1588 adipe

112 1594 289 1673 serpentium
308 1601 337 1652 et
357 1594 495 1668 aerugine
511 1610 546 1653 ac
559 1592 647 1653 melle
661 1592 811 1654 medicatis
827 1593 902 1654 locis
923 1603 987 1655 ante
1001 1596 1106 1653 ‘coitus

111 1677 270 1739 Vitulinum
291 1693 407 1756 qnoque
429 1677 469 1736 iel
483 1678 511 1736 in
533 1674 752 1756 purgationibus
770 1675 822 1737 sub
843 1678 920 1738 coitu
937 1678 1108 1756 adspersum

110 1762 217 1822 volvae
239 1763 322 1821 etiam
344 1761 475 1821 duritiam
501 1762 610 1821 ventris
631 1759 742 1820 emollit
768 1770 797 1821 et
818 1761 988 1839 profluvium
1009 1762 1108 1821 minuit

111 1846 247 1906 umbilico
263 1854 406 1924 peruncto
423 1854 510 1923 atque
525 1846 553 1903 in
573 1854 663 1904 totum
685 1844 790 1905 volvae
812 1844 942 1922 prodest.
974 1845 1151 1910 modnmata

73 1947 101 1989 ao
112 1938 237 1990 statuunt
256 1929 335 1989 fellis
357 1928 486 2009 pondere
501 1929 610 2005 denari,
632 1929 681 2006 opi
701 1931 814 1987 tertiam
830 1927 956 1987 admixto
972 1928 1107 2005 amygda-

111 2015 169 2074 lino
187 2013 255 2072 oleo
272 2021 406 2089 quantum
424 2030 491 2071 esse
506 2013 576 2071 satis
592 2010 742 2088 adpareat,
761 2010 834 2070 baec
852 2012 880 2069 in
896 2011 1007 2070 vellere
1025 2014 1107 2088 inpo-

111 2106 224 2157 nuntur.
253 2095 374 2154 masculi
392 2094 432 2155 iel
449 2094 530 2153 vituli
546 2112 610 2152 cnm
625 2093 719 2152 mellis
738 2092 853 2152 dimidio
869 2094 964 2151 tritum
976 2102 1109 2153 servatur

111 2180 146 2239 ad
163 2178 277 2239 volvas.
305 2176 427 2238 Carnem
440 2177 520 2236 vituli
535 2179 560 2236 si
577 2194 641 2235 cnm
654 2175 843 2236 aristolochia
855 2177 1008 2236 inassatam
1022 2176 1108 2236 edant

112 2264 189 2324 circa
207 2269 389 2340 conceptum,
405 2278 513 2319 marem
526 2262 667 2339 parituras
682 2261 857 2339 promittunt.
889 2260 1013 2321 medulla
1026 2259 1106 2319 vituli

74 2348 139 2414 25in
157 2347 222 2404 vino
246 2354 275 2404 et
300 2362 374 2422 aqna
398 2345 520 2405 decocta
544 2361 607 2403 cum
629 2344 700 2404 sebo
723 2343 987 2404 exulcerationibus
1007 2343 1107 2403 volva·

111 2447 173 2489 rum
189 2430 313 2506 inposita
327 2428 464 2505 prodest,
487 2428 555 2486 item
577 2426 660 2505 adips
680 2426 809 2504 volpium
834 2436 1106 2505 excrementumque

111 2513 220 2586 lelium,
237 2510 295 2571 hoc
309 2529 371 2570 cum
387 2512 483 2570 resina
499 2518 528 2567 et
536 2525 660 2569 rosaceo
668 2510 837 2586 inpositum.
860 2507 985 2587 Caprino
999 2526 1088 2568 cornu
1098 2519 1150 2572 aet

111 2595 203 2656 suilrri
220 2593 333 2652 volvam
348 2593 526 2652 utilissimum
543 2599 650 2670 putant.
681 2591 855 2651 silvestrium
878 2608 1027 2668 caprarum
1043 2609 1106 2650 san·

111 2680 177 2758 guis
193 2695 257 2736 cunr
279 2675 374 2754 palma
395 2676 503 2733 marina
522 2674 598 2752 pilos
624 2673 764 2751 detrabit,
792 2684 953 2735 ceterarum
973 2691 1045 2733 vero
1066 2673 1107 2732 fel

73 2761 215 2832 ancellum
230 2760 381 2819 volvarum
404 2756 513 2817 emollit
534 2759 698 2836 inspersum
715 2767 744 2817 et
765 2777 781 2819 a
804 2759 978 2838 purgatione
1002 2776 1106 2818 conce·
1191 2828 1193 2832 ¹

112 2855 177 2925 ptus
195 2845 275 2903 lacit.
312 2844 355 2903 sic
372 2859 490 2920 qnoque
506 2842 620 2920 psilotri
636 2843 680 2903 vis
696 2842 831 2918 eflicitur,
851 2842 960 2902 evolsis
972 2842 1043 2920 pilis
1058 2842 1107 2901 tri·

110 2931 166 2990 duo
182 2936 313 2989 servatur
335 2927 452 2988 inlitum.
485 2924 656 3005 profluvium
678 2927 807 3002 quamvis
829 2929 986 3004 inmensum
1006 2928 1105 2987 urinae

110 3030 218 3090 caprae
236 3020 306 3091 potu
330 3013 391 3072 sisti
413 3010 589 3070 obstetrices
606 3011 789 3088 promittunt,
809 3018 838 3068 et
854 3011 878 3069 si
891 3011 989 3070 limum
1004 3011 1105 3070 inlina-

110 3107 164 3157 tur.
200 3094 364 3156 membrana
386 3111 537 3173 caprarum
563 3095 592 3152 in
618 3112 672 3172 qna
702 3102 799 3172 partus
827 3093 920 3154 editur
947 3095 1106 3152 inveterata

76 3189 240 3259 nopotuqne
264 3188 375 3257 sumpta
396 3178 424 3236 in
449 3179 516 3236 vino
542 3177 685 3236 secundas
705 3176 798 3254 pellit.
830 3177 994 3238 Haedorum
1019 3176 1085 3253 pilis
1097 3185 1148 3238 256

112 3263 204 3323 sulliri
218 3263 321 3321 volvas
338 3261 407 3327 utile
425 3269 523 3338 putant
539 3269 567 3319 et
587 3261 614 3318 in
628 3260 771 3339 prolluvio
788 3261 936 3336 sanguinis
953 3259 1106 3334 coagulum

110 3346 169 3405 bibi
194 3355 241 3403 ant
260 3344 428 3420 hyoscyami
445 3360 544 3403 semen
560 3344 668 3421 inponi.
700 3343 818 3403 Ebove
839 3343 966 3401 silvestri
982 3344 1066 3417 nigro
1082 3342 1106 3400 si

111 3430 253 3505 sanguine
271 3429 352 3489 ricini
370 3426 458 3488 lumbi
474 3435 689 3505 perunguantur
703 3425 832 3500 mulieri,
852 3426 975 3486 taedium
991 3427 1106 3483 veneris
