2400 3840
198 197 278 246 aar.
294 196 385 246 arar.
401 195 512 251 xxvrt.
527 195 571 251 la
588 183 873 262 (11³.)-xxv11n
890 197 913 248 1.
929 192 979 258 (ι.)
1020 184 1084 247 165

90 353 203 430 attingit
216 360 341 431 exceptu
361 349 525 430 sphondylus
544 350 593 430 qui
608 368 708 413 omnes
723 351 916 430 persequitur.
944 368 1040 427 genus
1056 352 1085 413 iti

91 438 310 501 assentisset.

143 455 260 600 p(119.)
281 518 326 581 Ne
344 518 415 581 ittnu
430 517 546 597 quidem
560 516 714 593 dubitatur,
731 519 856 579 omnium
870 516 997 580 radicum
1009 520 1066 578 viru
1076 529 1127 584 144

92 605 274 682 eiectusque
287 603 389 680 minui,
408 604 434 665 si
447 602 558 665 fructus
574 603 654 681 prius
669 609 895 676 emutnrcscant,
911 602 979 663 item
999 603 1085 663 semi·

68 707 162 751 snum
187 697 253 749 aute
277 686 377 749 radice
403 695 526 766 propter
548 700 647 748 sucum
661 685 768 747 incisa.
816 684 973 747 resoluitur
993 695 1086 748 sutem

93 773 217 834 omnium
232 770 276 831 vis
302 769 524 847 consuetudine,
546 780 576 831 ct
597 770 729 831 desinunt
743 770 903 848 prodesse,
923 786 988 835 cum
1012 786 1087 849 opus

92 865 152 932 est,
174 872 249 933 quae
273 855 381 917 cofidie
400 855 428 915 in
449 873 501 920 usu
518 855 600 917 fuere
622 871 815 932 nequequam
834 870 953 915 nocere.
985 870 1086 917 omncs

92 955 163 999 vero
179 938 289 1001 herbae
300 938 534 1001 uehementiores
550 937 656 999 effectu
666 935 834 1016 viribusque
847 946 913 999 sunt
928 939 958 997 in
972 936 1086 1015 frigidis

93 1031 122 1081 et
137 1022 164 1080 in
180 1023 343 1100 aquilonis,
359 1023 427 1083 item
441 1023 540 1085 siccis.

56 1121 85 1166 au
156 1104 260 1184 (120.)
282 1106 354 1166 Sunt
367 1113 398 1167 et
413 1107 540 1181 gentium
555 1103 736 1164 differentiae
749 1119 807 1163 nun
823 1104 996 1181 mediocres,
1011 1107 1066 1167 sic·
1081 1113 1129 1169 14⁵

94 1196 124 1249 ut
138 1189 294 1266 accipimus
309 1188 346 1249 de
366 1189 469 1249 taeniis
487 1185 691 1264 lumbricisque
712 1204 782 1247 esse
791 1186 933 1266 Aegypti,
949 1187 1086 1265 Arabiae,

92 1272 204 1346 Syriae,
218 1269 337 1331 Ciliciae
350 1269 479 1349 populis,
495 1270 640 1331 ediverso
648 1268 802 1346 Threciae,
816 1269 960 1346 Phrygiae
972 1273 1087 1333 omnino

92 1371 151 1414 uon
165 1354 283 1423 innasci.
315 1353 408 1413 miuus
427 1352 571 1421 idmirum
593 1369 676 1430 quam
693 1351 771 1435 qunti
792 1354 820 1413 in
836 1354 959 1413 confinio
972 1354 1088 1416 Atticae

92 1437 234 1501 Boeotiae
255 1434 399 1500 Thebanis
424 1437 624 1511 innascuntur,
651 1453 714 1499 cum
737 1434 833 1496 absint
852 1435 1088 1498 Atheniensibus.

56 1535 85 1579 ss
96 1536 170 1596 quae
189 1518 392 1597 contemplatio
409 1519 504 1579 auiert
518 1536 572 1579 nos
586 1518 623 1579 ad
639 1520 768 1597 ipsorum
781 1518 943 1580 animalium
954 1528 1068 1580 aarum
1080 1531 1131 1587 146

92 1602 295 1679 ingenitasque
310 1602 346 1662 iis
367 1603 416 1663 uel
431 1604 573 1664 certiores
593 1600 758 1663 morborum
774 1604 899 1663 omnium
919 1604 1087 1664 medicinas.

93 1703 192 1746 rursus
207 1687 281 1747 enim
296 1703 332 1745 ea
345 1687 375 1744 in
389 1704 423 1747 re
439 1705 544 1765 parens
559 1686 666 1747 nullum
680 1686 783 1747 animal
799 1685 835 1747 ad
854 1685 912 1747 hcc
931 1696 1037 1748 tanturn
1060 1697 1089 1748 ut

93 1778 264 1848 pasceretur
280 1777 329 1831 aut
341 1769 398 1831 alia
413 1772 531 1833 satiaret
544 1772 625 1832 nasci
637 1771 739 1846 volarit,
755 1771 883 1849 artisque
898 1771 1030 1833 salutaris
1048 1773 1087 1830 in·

92 1853 182 1914 seruit
196 1862 226 1914 et
239 1852 416 1931 anseribus,
437 1855 545 1934 quippe
568 1872 632 1919 cum
652 1854 746 1915 surdis
761 1855 845 1916 fflam
866 1853 956 1915 rebus
979 1856 1088 1915 insere·

55 1945 155 2013 aurat,
184 1946 336 1999 tumuere
363 1937 413 1999 illa
435 1938 545 1998 animae
572 1938 677 1999 auxilia
704 1938 952 2016 praestantissima
974 1956 1012 1998 ex
1032 1938 1089 1998 alia

93 2022 185 2080 anima
201 2038 269 2082 esse
283 2020 374 2083 voluit
387 2021 631 2100 contemplatione
647 2029 713 2082 ante
729 2029 831 2081 cuncta
845 2019 976 2080 mirabili.

515 2322 708 2333 ια--ο--ο-υ

379 2566 588 2651 siniti
613 2559 848 2657 SECUNBI

205 2733 591 2833 urruuucrs
633 2696 1014 2829 ursucu'rrn
1110 2668 1115 2676 ⁸

422 2912 801 3037 LIBERXXVIII.

538 3079 691 3091 ae—-d

57 3202 84 3244 rs
157 3182 230 3263 Gap.
245 3183 273 3242 1.
295 3181 450 3261 (aecci.)
472 3181 556 3245 Dicta
571 3192 633 3245 erat
646 3191 746 3245 natura
761 3182 885 3245 omnium
901 3197 997 3241 rerum
1015 3181 1116 3241 interl

93 3266 206 3333 obelum
221 3283 257 3327 ao
273 3273 367 3327 terras
384 3266 562 3327 nascentium
582 3265 788 3343 restabantque
810 3281 887 3342 quae
908 3281 947 3324 cx
966 3264 1020 3323 insa
1035 3260 1088 3323 tel·

93 3353 157 3413 iura
170 3349 328 3425 fodiuntur,
342 3349 369 3411 si
383 3364 442 3409 nou
458 3346 610 3413 herbarum
625 3365 661 3409 ac
677 3349 809 3412 fruticum
823 3353 944 3409 tractatu
960 3343 1089 3407 remedia

93 3431 242 3497 auferrent
256 3440 405 3495 traversos
419 3450 459 3495 ex
471 3433 546 3511 ipsis
559 3431 729 3493 animalibus
741 3447 815 3508 quae
827 3437 966 3491 sanantur
972 3435 1099 3505 reuerita
