2400 3840
290 213 371 261 nur.
387 213 478 263 nrsr.
495 214 579 263 xxx.
596 215 639 266 ro.
656 215 699 268 11.
717 211 866 281 (as—28.)
1031 205 1093 271 249

96 379 191 446 aceto,
209 368 334 428 tunicula
347 367 488 446 stelionis,
504 387 586 447 qnam
602 369 705 429 eodem
717 370 802 431 modo
815 380 926 432 aestate
945 382 975 432 ut
992 374 1093 449 anguis

96 454 185 531 exuit,
203 453 231 512 in
249 460 329 531 potu.
354 452 468 529 qnidam
484 462 513 512 et
527 454 620 532 ipsum
637 453 795 514 harundine
811 458 998 516 exinteratum
1012 457 1091 515 inve·

94 546 274 614 leuatumque
286 535 439 595 bibendum
460 535 609 613 dederunt,
622 538 670 598 alii
686 539 714 597 in
730 538 795 598 cibo
811 540 838 597 iu
856 537 960 616 ligneis
975 539 1093 599 veribus

93 625 259 682 inassatum.
297 623 543 698 operaepretium
561 630 605 681 est
628 623 704 682 scire
721 622 865 700 quomodo
888 625 1087 703 praeripiatur,
1098 634 1134 692 89

71 720 158 766 suurn
174 706 303 779 exuitur,
325 703 488 763 membrana
504 705 622 765 hiberna
641 706 712 765 alias
734 706 882 766 devoranti
899 725 978 783 eam,
1001 725 1091 785 qnon-

95 790 149 850 iam
164 788 271 849 nnllum
282 787 384 847 animal
399 787 606 849 fraudulentius
621 789 752 850 invidere
764 789 871 851 homiui
886 791 1009 865 tradunt,
1025 791 1091 850 inde

94 873 247 934 stelionum
267 872 381 931 nomine
408 873 436 930 in
456 872 532 932 male
552 872 700 932 translato.
730 873 887 935 observant
908 875 1003 934 cubile
1027 875 1090 934 cius

92 955 261 1031 aestatibus,
276 987 320 1003 —-
334 965 379 1014 est
400 964 495 1015 autern
516 957 545 1014 in
560 956 661 1017 loricis
684 959 823 1018 ostiorum
840 958 1090 1036 fenestrarumque

93 1050 141 1101 aut
155 1041 275 1100 camaris
288 1039 500 1117 sepulchrisve,
512 1039 604 1098 -ibi
618 1057 689 1100 vere
701 1042 858 1119 incipiente
870 1042 946 1101 fissis
958 1041 1089 1102 barundi·

58 1124 177 1186 ionibus
198 1131 293 1183 textas
309 1130 460 1200 opponunt
475 1141 559 1182 casas
574 1140 692 1200 quarum
706 1124 846 1201 angustiis
869 1128 953 1186 etiam
974 1125 1090 1203 gaudet,

92 1224 129 1268 eo
145 1206 258 1266 iacilius
274 1222 384 1264 exuens
397 1205 600 1266 circumdatum
614 1215 772 1284 torporem.
802 1206 855 1267 sed
869 1209 1011 1270 derelicto
1032 1227 1090 1270 non

92 1297 189 1368 potest
204 1305 346 1348 remeare.
367 1287 436 1347 nihil
451 1291 479 1348 ei
490 1289 618 1369 remedio
631 1292 660 1348 in
676 1290 866 1353 comitialibus
881 1292 989 1352 morbis
1002 1312 1085 1372 prae·
1097 1305 1133 1360 90

92 1375 192 1434 iertur.
225 1370 346 1450 prodest
360 1380 390 1431 et
405 1372 556 1432 cerebrum
573 1374 715 1434 mustelae
730 1375 920 1434 inveteratum
932 1385 1089 1454 potumque

92 1468 122 1518 et
137 1459 218 1516 iecur
234 1456 313 1531 eius,
335 1456 461 1515 testiculi
477 1456 640 1534 vulvaeque
657 1467 706 1517 aut
719 1458 896 1518 ventriculus
912 1460 1088 1519 inveteratus

56 1559 82 1601 us
95 1559 157 1602 cum
174 1538 338 1615 coriandro,
356 1547 386 1598 ut
401 1538 532 1618 diximus,
549 1541 616 1599 item
626 1541 714 1614 cinis,
736 1541 879 1601 silvestris
894 1558 965 1603 vero
985 1552 1045 1603 tota
1058 1561 1088 1601 av.
1101 1563 1125 1598 so

91 1627 120 1685 in
136 1624 201 1684 cibo
224 1632 344 1700 sumpta.
375 1622 476 1682 eadem
495 1625 589 1685 omnia
611 1623 813 1703 praedicantur
836 1642 875 1684 ex
894 1628 1025 1702 viverra,
1049 1626 1089 1686 la-

92 1717 172 1769 certa
197 1707 297 1767 viridis
319 1724 382 1767 cum
406 1707 596 1767 condimentis
619 1727 692 1787 quae
720 1708 861 1769 fastidium
877 1710 1089 1787 'abstergeant

91 1792 194 1853 ablatis
210 1791 333 1870 pedibus
347 1801 376 1851 et
390 1792 504 1870 capite,
528 1792 694 1852 coclearum
712 1794 783 1852 ciuis
800 1793 895 1854 addito
912 1796 1021 1854 semine
1040 1794 1088 1854 lini

91 1887 121 1936 et
142 1877 251 1936 urticae
276 1893 340 1935 cnm
361 1875 449 1936 melle
469 1876 549 1935 liuitu
571 1886 681 1937 sanant.
715 1876 808 1954 Magis
832 1878 931 1956 placet
951 1877 1086 1938 draconis
1097 1887 1130 1942 91

55 1979 82 2021 ao
93 1959 182 2019 cauda
198 1960 226 2019 iu
240 1959 320 2038 pelle
334 1958 470 2019 dorcadis
488 1958 644 2036 adalligata
667 1961 790 2019 cervinis
813 1962 912 2020 nervis
926 1961 975 2019 vel
998 1960 1088 2039 lapilli

92 2061 109 2102 e
132 2052 233 2103 ventre
257 2043 403 2120 pullorum
427 2041 604 2103 birundinum
626 2044 742 2103 sinistro
763 2043 875 2105 lacerto
900 2043 1014 2108 adnexi.
1047 2043 1088 2102 di·

91 2135 191 2186 cuntur
215 2128 289 2187 euim
311 2127 432 2187 excluso
456 2126 536 2204 pullo
559 2125 688 2204 lapillum
716 2126 795 2187 dare.
824 2127 917 2206 ¹quod
941 2129 966 2187 si
990 2127 1087 2206 pullus

89 2211 114 2270 is
130 2209 214 2271 detur
231 2212 259 2270 in
276 2210 357 2286 cibo,
377 2228 462 2290 quern
479 2212 600 2289 primurn
616 2212 784 2289 pepererit,
805 2230 867 2271 cum
886 2212 950 2289 quis
967 2213 1088 2289 primurn

89 2302 245 2373 temptatus
264 2295 315 2372 sit,
340 2294 479 2355 liberatur
499 2311 535 2354 en
556 2295 643 2355 malo.
684 2304 788 2375 postea
809 2296 939 2356 medetur
962 2294 1087 2356 birundi-

53 2395 80 2437 no
93 2396 158 2437 num
176 2380 293 2455 sanguis
315 2397 378 2438 cnm
399 2387 462 2437 ture
484 2379 532 2438 vel
553 2395 605 2438 cor
626 2397 730 2439 recens
753 2379 930 2440 devoratum.
972 2381 1039 2457 quin
1060 2387 1089 2439 et

90 2480 106 2522 e
129 2460 196 2521 nido
212 2479 310 2521 earum
322 2461 438 2539 lapillus
454 2463 595 2540 inpositus
612 2480 749 2522 recreare
766 2463 868 2522 dicitur
883 2463 1037 2522 confestim
1059 2471 1089 2522 et

89 2543 260 2620 adalligatus
279 2546 308 2602 iu
328 2552 500 2624 perpetuum
520 2547 603 2604 tueri.
643 2545 827 2624 praedicatur
852 2555 881 2606 et
901 2546 983 2605 iecur
1004 2545 1084 2605 milvi
1095 2555 1131 2611 92

89 2628 257 2688 devoratum
272 2637 301 2687 et
322 2635 459 2687 senectus
478 2629 664 2706 serpentium,
683 2629 766 2688 iecur
779 2629 900 2689 volturis
915 2629 1010 2689 tritum
1024 2646 1088 2688 cum

89 2728 141 2772 suo
157 2711 295 2788 sanguine
315 2719 362 2771 ter
382 2713 512 2789 septenis
534 2710 637 2770 diebus
659 2721 774 2790 potum,
798 2729 850 2772 cor
867 2711 939 2790 pulli
953 2713 1089 2774 volturiui

52 2795 282 2871 aoadalligatum.
313 2794 365 2855 sed
390 2803 419 2855 et
441 2795 533 2873 ipsum
553 2794 695 2856 vulturem
715 2797 744 2855 in
769 2796 836 2857 cibo
860 2797 921 2857 dari
941 2798 1039 2858 iubent
1059 2809 1089 2858 et

88 2879 203 2959 quidem
217 2880 349 2940 satiatum
364 2877 487 2940 humano
509 2878 662 2940 cadavere.
698 2878 812 2959 quidam
835 2891 937 2959 pectus
960 2883 1023 2942 eius
1045 2883 1086 2942 bi·

86 2963 211 3023 bendum
229 2973 349 3025 censent
370 2964 398 3023 in
419 2965 534 3025 cerrino
557 2964 667 3040 calice,
696 2973 745 3024 ant
765 2966 848 3025 testis
869 2966 1023 3043 gallinacei
1049 2984 1087 3026 ex

87 3064 161 3124 aqua
179 3058 208 3107 et
230 3048 306 3108 lacte
330 3048 522 3109 antecedente
543 3050 669 3128 quinque
691 3047 802 3108 dierum
824 3049 996 3111 abstinentia
1017 3050 1084 3124 vini,

88 3130 126 3190 ob
149 3131 177 3190 id
198 3131 385 3191 inveteratos.
414 3131 497 3192 fuere
518 3141 547 3192 et
569 3134 618 3210 qui
642 3132 741 3210 viginti
755 3151 839 3194 unam
862 3150 976 3192 muscas
996 3132 1086 3210 roias,

51 3226 78 3269 ao
89 3223 118 3272 et
140 3215 255 3292 quidem
278 3215 315 3275 de
337 3222 467 3290 mortuo,
488 3216 517 3274 in
533 3224 631 3295 potum
652 3214 769 3293 darent,
794 3216 996 3276 infirmioribus
1017 3233 1085 3294 pau·
1124 3240 1128 3247 ,

88 3314 194 3358 crores.

152 3383 200 3441 11.
223 3381 306 3461 (28.)
329 3380 433 3444 blorbo
449 3383 535 3460 regio
550 3384 688 3445 resistunt
703 3382 806 3444 sordes
819 3385 927 3444 aurium
941 3392 988 3444 aut
1002 3401 1086 3443 mam·
1095 3395 1129 3451 93

86 3482 193 3525 marum
210 3466 330 3544 pecudis
346 3466 445 3528 denari
461 3466 590 3546 pondere
607 3485 669 3527 curn
683 3484 797 3528 murrae
811 3476 961 3527 momento
982 3477 1018 3524 eu
1031 3469 1105 3521 aab
