2400 3840
140 183 202 246 268
485 194 790 244 αιἰιιιιιιοιιιιιιι

138 347 224 410 Vllll
240 349 353 410 milibus
368 367 446 426 pass.
461 349 619 409 fornicibus
635 351 751 409 structis
769 348 917 426 perducta.
948 345 1060 425 primus
1073 363 1133 407 eam

139 435 167 492 in
184 433 285 492 urbem
300 433 409 493 ducere
430 436 595 510 auspicatus
616 441 662 491 ast
679 433 779 491 Ancum
793 432 919 491 marolus
932 448 1007 490 unus
1024 448 1041 488 e
1057 432 1133 507 regi·

138 517 210 592 bus,
226 525 329 615 postea
347 517 382 590 Q.
398 516 523 576 Marcius
535 516 600 576 Rex
617 517 645 575 in
661 523 812 594 praetura,
838 531 997 593 rursusque
1011 514 1135 573 restituit

96 601 176 745 atu.
193 599 393 763 Α(ξῐδιὲρῖὶοιιι
408 692 437 742 et
451 681 599 759 Virginem
617 680 735 741 adduxit
755 681 791 740 ab
809 682 905 741 octavi
919 679 1025 758 lapidis
1039 680 1154 740 diver-a
1192 634 1196 647 Ι

138 767 227 827 ticulo
240 768 297 827 duo
313 767 389 826 milia
406 783 484 844 pass.
508 767 694 825 Praenestina
705 766 760 824 via.
790 767 867 824 iuxta
879 771 924 823 est
934 762 1134 823 Herculaneus

137 851 228 927 rivos,
241 867 325 928 quem
337 849 620 925 refugiensVirginis
631 865 736 907 nomen
749 849 878 926 optinuit.
900 847 1003 907 horum
1015 849 1134 907 mnium

139 935 347 1011 conparatione
375 931 534 992 differentia
568 949 654 1010 supra
685 932 761 990 dicta
792 930 1034 1009 deprehenditur,
1073 946 1134 989 cum
1192 988 1195 1009 ἰ

139 1025 273 1094 quantum
285 1016 376 1092 Virgo
391 1024 468 1075 tactu
479 1025 618 1094 praestat,
633 1024 740 1074 tantum
755 1023 885 1112 praestet
897 1014 1007 1073 hlarcia
1021 1013 1132 1089 haustu,
1192 1032 1195 1051 ¹

138 1115 307 1177 quamquam
326 1100 501 1199 utriusque·
492 1118 546 1158 ram
565 1098 676 1178 pridem
691 1099 753 1157 urbi
771 1099 857 1177 periit
869 1096 1023 1173 voluptas,
1048 1095 1131 1156 ambr
1140 1116 1195 1163 ιι

138 1183 218 1241 tione
234 1183 432 1260 avaritiaque
423 1201 451 1241 ιιι
467 1183 551 1242 villas
565 1201 599 1241 ac
611 1180 773 1242 suburbana
789 1179 1029 1259 detorquentibus
1043 1178 1133 1259 publi·
1191 1170 1195 1265 j

139 1283 201 1325 cam
222 1265 351 1328 salutem.
1190 1268 1195 1323 l

96 1360 130 1414 43
204 1348 288 1428 (26.)
312 1349 378 1409 Non
393 1349 429 1411 ab
444 1367 477 1409 rc
497 1350 535 1407 sit
551 1347 707 1425 quaerendi
732 1365 821 1426 aquas
839 1347 968 1407 iunxisse
984 1347 1132 1407 rationem.
1190 1326 1195 1385 l

137 1432 333 1511 Reperiuntur
346 1436 375 1492 in
390 1432 570 1493 convallibus
585 1448 731 1506 maxume,
757 1439 785 1489 et
800 1431 922 1509 quodam
944 1430 1133 1491 convexitatis

140 1516 255 1575 cardine
274 1525 321 1575 aut
336 1519 471 1577 montium
486 1515 639 1576 radicibus.
673 1514 753 1573 multi
768 1512 1015 1592 septentrionales
1029 1513 1131 1593 ubique
1139 1530 1159 1573 ιι

139 1600 229 1676 partis
250 1616 375 1676 aquosas
401 1600 618 1673 existimavere,
643 1615 700 1675 qua
720 1599 748 1655 iu
772 1614 806 1656 re
828 1599 997 1656 varietatem
1018 1606 1132 1657 naturae
1190 1652 1193 1677 Ι

139 1683 290 1758 aperuisse
310 1683 473 1740 conveniat.
501 1680 533 1740 ln
549 1681 690 1754 llprcanis
711 1680 854 1741 montibus
875 1698 891 1740 a
911 1679 1073 1740 meridiano
1094 1680 1131 1740 la·

139 1772 202 1821 tere
217 1780 274 1821 uon
290 1763 374 1840 pluit,
400 1763 466 1823 ideo
483 1763 614 1839 silvigeri
628 1763 664 1821 ab
678 1765 823 1841 aquilonis
838 1772 945 1822 tantum
961 1772 1047 1842 parto
1061 1770 1130 1822 sunt.
1189 1690 1194 1827 1

140 1855 167 1905 at
181 1844 334 1924 Olympus
349 1845 439 1922 Ossa,
451 1847 594 1906 Parnasus
601 1846 830 1924 ,Appenninus,
841 1846 935 1924 Alpes
946 1845 1073 1924 undique
1087 1862 1132 1904 re·

139 1931 259 1988 stiuntur
277 1929 462 2008 amnibusque
474 1928 695 2008 perfunduntur,
716 1929 804 2009 aliqui
825 1929 861 1988 ab
876 1937 990 2006 austro,
1015 1931 1090 1989 sicut
1105 1842 1193 2011 iang-j

139 2012 226 2074 Creta
242 2012 309 2072 hlbi
325 2021 447 2072 montes
476 2013 545 2072 nihil
562 2030 636 2090 ergo
654 2015 682 2071 in
704 2014 749 2073 his
769 2021 930 2091 perpetuae
954 2011 1132 2072 observatio-

138 2099 182 2155 nis
196 2096 377 2156 iudicabitur

97 2192 130 2243 44
205 2178 287 2256 (27.)
309 2180 454 2257 Aquarum
470 2188 534 2238 suut
549 2188 634 2238 notae
648 2180 748 2237 iuncus
765 2186 812 2237 aut
832 2176 961 2237 harundo
975 2187 1025 2238 aut
1044 2178 1133 2237 herba

96 2280 128 2323 m,
139 2279 161 2314 cc
182 2260 218 2319 de
234 2278 287 2337 qua
303 2263 407 2321 dictum
423 2271 467 2321 est
482 2262 656 2339 multumque
671 2262 757 2322 alicui
773 2262 841 2320 loco
858 2271 980 2339 pectore
994 2260 1133 2321 incubans

138 2361 217 2402 rana.
247 2343 321 2403 salix
335 2347 410 2404 euim
433 2347 554 2404 erratica
569 2355 599 2404 et
618 2345 700 2405 alnus
716 2353 764 2404 aut
777 2347 857 2403 vitex
873 2353 923 2403 aut
940 2344 1070 2404 harundo
1087 2350 1158 2403 ant!

139 2426 247 2485 hedera
263 2436 368 2504 sponte
389 2430 559 2507 proveniunt
582 2438 611 2487 et
632 2430 830 2488 conrivatione
852 2445 944 2506 aquae
971 2428 1088 2505 pluviae
1106 2430 1133 2487 iu

138 2510 233 2569 locum
254 2510 431 2571 humiliorem
453 2511 684 2590 esuperioribus
707 2511 858 2571 detinentis
883 2513 1004 2587 augurio
1025 2509 1131 2585 iallaci,
1185 2544 1190 2577 ι

139 2594 264 2653 certiore
284 2593 426 2656 nebulosa
443 2595 626 2654 exhalatione
649 2603 715 2655 ante
738 2603 829 2653 ortum
856 2593 929 2653 solis
954 2593 1070 2670 longius
1092 2594 1131 2653 in·
1177 2594 1182 2609 '

137 2676 296 2755 tuentibus,
312 2678 389 2756 quod
405 2679 517 2757 quidam
532 2696 569 2737 ex
585 2678 662 2737 edito
679 2678 865 2756 speculantur
879 2677 965 2754 proni
975 2685 1084 2736 terram
1095 2684 1132 2735 at·

96 2770 129 2822 to
140 2761 268 2835 tingente
289 2771 395 2821 meato.
436 2772 480 2821 est
501 2770 531 2820 et
552 2760 707 2840 peculiaris
726 2762 886 2822 aestimatio
902 2761 1003 2838 peritis
1027 2766 1159 2820 cantans

138 2851 221 2918 nota,
240 2862 323 2921 quam
335 2845 547 2904 ferventissimo
560 2853 641 2904 aestu
657 2853 792 2904 secuntur
806 2843 920 2921 dieique
934 2841 1015 2901 horis
1032 2842 1132 2902 ardeu-

139 2925 271 3002 tissimis‚
293 2926 385 3003 qualis
403 2947 441 2987 ex
457 2945 572 3006 quoque
588 2928 655 2986 loco
670 2944 861 3006 repercussus
878 2925 1042 3004 splendeat.
1070 2940 1132 2984 nam

138 3008 163 3066 si
178 3016 257 3067 terra
273 3011 388 3069 sitiente
403 3012 526 3071 umidior
542 3019 587 3069 est
600 3011 667 3086 ille,
688 3011 843 3071 indubitata
862 3026 931 3086 spes
950 3009 1132 3087 promittitur.

95 3100 130 3153 46
142 3091 193 3149 sed
209 3099 286 3151 tanta
300 3093 449 3153 oculorum
461 3095 618 3153 intentione
637 3110 711 3171 opus
728 3103 818 3154 estut
836 3091 1035 3168 indolescant,
1057 3089 1132 3171 quod

136 3174 282 3250 fagientes
297 3176 332 3235 ad
349 3176 403 3236 alia
419 3178 616 3255 experimenta
632 3178 802 3254 decurrunt,
823 3176 892 3236 loco
909 3177 937 3234 in
955 3175 1160 3236 altitudinem

137 3259 241 3333 pedum
257 3261 381 3338 quinque
395 3260 514 3319 delosso
535 3259 660 3337 ollisque
685 3279 702 3319 a
724 3261 823 3336 figlino
847 3277 939 3339 opere
966 3259 1064 3320 crudis
1086 3264 1133 3319 ant

138 3350 276 3415 peruncta
291 3343 369 3420 pelvi
385 3360 471 3402 aerea
488 3351 631 3421 cooperto
647 3344 822 3421 lucernaque
836 3342 966 3403 ardente·
981 3359 1132 3405 couoamu·

136 3431 196 3481 rata
211 3423 374 3501 frondibus,
392 3426 458 3486 dein
473 3435 566 3503 terra,
584 3427 607 3484 si
624 3427 752 3504 figlinum
762 3426 884 3487 umidum
899 3434 1069 3506 ruptumve,
1085 3430 1131 3486 aut
