2400 3840
457 191 486 243 C.
502 191 599 239 Puni
614 188 764 238 suenum

367 559 572 643 lll‘llNl
605 557 833 642 iuduunt

189 727 1010 826 lllllllldllllllllllllllb

435 906 787 971 urcunxxrx.

522 1078 672 1087 ——n—

98 1193 113 1246 1
185 1177 257 1258 Gap.
269 1179 294 1237 1.
309 1179 404 1257 (Sect.
416 1179 459 1256 l.)
475 1177 603 1237 Naturae
615 1177 806 1237 remediorum
814 1184 900 1253 atque
912 1175 1067 1236 multitudo
1079 1177 1121 1236 iu·

124 1265 256 1324 stantium
272 1281 306 1322 ac
323 1271 549 1341 praeceptorum
564 1260 647 1338 plura
664 1260 700 1320 de
715 1263 779 1339 ipsa
789 1258 922 1318 medendi
934 1267 996 1320 arte
1011 1268 1123 1339 cogunt

125 1348 223 1408 dicere
240 1363 409 1425 quamquam
424 1363 482 1406 nou
493 1345 611 1420 ignaros
623 1344 692 1404 nulli
704 1352 770 1405 ante
781 1343 855 1403 baec
866 1343 967 1403 Latino
982 1361 1122 1404 sermone
1142 1404 1165 1421 -„

124 1432 239 1492 condita
254 1448 422 1508 ancepsque
438 1427 579 1488 lubricum
597 1445 663 1487 esse
681 1444 777 1487 rerum
793 1428 915 1486 omnium
933 1442 1077 1487 novarum
1092 1436 1121 1487 et
1146 1432 1154 1443 “

123 1517 222 1577 talium
243 1517 340 1593 utique
359 1522 416 1572 tam
440 1511 547 1571 sterilis
574 1512 685 1588 gratiae
707 1520 861 1588 tantaeque
885 1509 1100 1571 dificultatis
1090 1527 1151 1570 rurs

92 1597 294 1679 apromendo
336 1593 389 1656 sed
416 1597 548 1693 quoniam
571 1611 725 1655 occurrere
748 1594 904 1654 verisimile
926 1603 971 1653 est
993 1596 1121 1654 omnium

124 1700 171 1760 qur
165 1682 262 1740 baec
280 1687 403 1739 noscunt
423 1679 603 1753 cogitationi,
620 1696 744 1756 quonam
766 1678 852 1738 modo
877 1677 1101 1736 exoleverint
1092 1695 1120 1737 ιιι

123 1763 265 1823 medicina
287 1780 323 1822 ea
346 1778 420 1838 quae
444 1762 500 1820 iam
525 1768 624 1838 parata
645 1770 730 1838 atque
754 1762 925 1840 pertinentia
947 1768 1046 1836 eraut,
1068 1762 1119 1819 mi·

122 1865 241 1926 rumque
264 1855 293 1905 et
314 1844 459 1943 indignum
478 1844 606 1922 protinus
622 1843 698 1904 subit
717 1845 822 1904 nullam
838 1845 938 1903 artium
952 1845 1119 1904 inconstan·
1179 1838 1183 1859 ¹

122 1934 226 1992 liorem
244 1930 334 1989 luisse
353 1938 401 1989 aut
416 1929 577 1988 etiamnunc
592 1929 708 2014 saepius
727 1929 839 2002 mutari,
858 1946 921 1988 cum
937 1929 974 1987 sit
987 1927 1152 1990 lruotuowo
1165 1988 1171 1999 ,

122 2017 183 2076 sior
203 2013 297 2091 nulla,
317 2011 361 2072 dis
379 2013 499 2091 primum
517 2011 686 2071 inventores
706 2029 774 2071 suos
796 2010 958 2088 adsignavit
981 2018 1010 2071 et
1034 2011 1142 2071 caelo
1143 2002 1172 2071 2²

97 2100 243 2164 3dicavit.
281 2113 419 2156 necnon
447 2104 476 2155 et
496 2095 583 2154 bodie
610 2095 791 2155 multifariam
820 2095 856 2155 ab
881 2094 1006 2155 oraculis
1028 2094 1152 2155 medi·

123 2183 187 2242 cina
209 2182 324 2258 petitur.
360 2180 438 2240 auxit
463 2179 565 2239 deinde
586 2179 689 2239 famam
708 2179 792 2238 etiam
813 2180 930 2238 crimine
950 2179 1039 2238 ictum
1064 2177 1119 2238 lul·

122 2266 198 2322 mine
210 2262 415 2341 Aesculapium
427 2262 564 2337 fabulata,
580 2263 713 2361 quoniam
725 2260 905 2337 Tyndareum
916 2263 1120 2321 revocavisset

123 2344 269 2405 advitam
299 2363 354 2404 uec
368 2353 462 2405 tamen
485 2346 610 2405 cessavit
631 2364 749 2407 narrare
769 2345 843 2405 alios
863 2345 1008 2404 revixisse
1024 2356 1149 2431 operatu

123 2445 173 2490 sua
190 2428 267 2488 clara
282 2429 413 2490 Troianis
427 2429 616 2507 temporibus,
635 2447 651 2489 a
670 2428 799 2509 quibusi
798 2445 860 2488 ama
876 2429 1001 2504 certior,
1015 2428 1118 2489 volne'·

122 2532 183 2574 rum
198 2522 293 2572 tamen
309 2512 453 2573 dumtaxat
467 2512 612 2572 remediis.
1108 2520 1149 2569 ,ι

92 2611 111 2661 4
175 2596 237 2676 (2)
263 2597 462 2675 Sequentia
436 2615 508 2674 erus,
525 2599 625 2656 mirum
641 2596 751 2667 dictus
742 2613 770 2655 ru
787 2602 873 2655 nocte
890 2592 1061 2653 densissima
1078 2592 1118 2653 la-

122 2689 204 2741 tuere
221 2699 312 2758 usquc
328 2680 364 2741 ad
379 2680 660 2759 Peloponnesiacum
675 2678 792 2754 bellum,
808 2688 876 2739 tunc
889 2694 951 2735 eam
966 2677 1119 2737 revocavit

122 2766 152 2822 in
167 2765 262 2823 lucem
277 2764 472 2842 Hippocrates
494 2765 608 2839 genitus
629 2765 658 2824 in
679 2762 771 2822 insula
788 2760 877 2822 Goo'
869 2778 898 2819 ιιι
922 2761 1022 2838 primis
1040 2761 1151 2825 clarata

123 2863 158 2904 ao
180 2847 274 2905 valida
292 2856 321 2906 et
336 2846 514 2925 Aesculapio
531 2846 633 2907 dicata.
663 2847 704 2922 is,
726 2865 788 2906 cum
811 2845 914 2904 luisset
928 2860 992 2902 mos
1011 2843 1118 2904 libera·

123 2937 169 2989 tos
184 2928 292 2988 morbis
308 2928 438 2989 scribere
454 2929 606 3006 intemplo
624 2930 685 2988 eius
698 2928 744 2989 dei
761 2929 828 3008 quid
844 2925 1009 2987 auxiliatum
1025 2935 1117 3005 esset,

123 3021 153 3072 ut
170 3019 272 3091 postea
286 3012 439 3071 similitudo
456 3013 629 3090 proliceret,
651 3014 845 3091 exscripsisse
869 3027 903 3070 ea
918 3011 1055 3088 traditur,
1076 3019 1117 3072 at·
1185 3014 1191 3087 Ι

123 3114 193 3176 que,
218 3105 248 3154 ut
264 3092 362 3156 Varro
378 3094 452 3174 apud
470 3113 524 3154 nos
548 3095 655 3172 credit,
679 3097 787 3175 templo
816 3103 942 3156 cremato
958 3094 1117 3155 instituisse
1186 3096 1190 3147 l

122 3179 291 3240 medicinam
311 3179 385 3238 banc
402 3197 476 3278 quae
494 3179 598 3238 clinice
613 3189 742 3240 vocatur
771 3198 826 3239 nec
840 3179 892 3238 iuit
907 3187 1012 3256 postea
1029 3195 1117 3257 quae·
1126 3201 1150 3244 o
1184 3210 1190 3265 q

123 3274 183 3324 stus
202 3265 313 3341 modus,
330 3264 462 3343 quoniam
477 3262 617 3323 Prodicus
633 3263 810 3338 Selymbriae
826 3271 918 3336 natus,
934 3280 951 3321 e
968 3262 1118 3340 discipulis
1186 3300 1190 3329 ;

124 3350 200 3425 eius,
220 3349 370 3409 instituens
392 3364 475 3426 quam
495 3355 601 3407 vocant
619 3348 811 3426 iatralipticen
825 3344 1028 3407 reunotoribus
1047 3362 1117 3424 quo·
1187 3360 1190 3367 '

124 3449 180 3510 que
198 3432 374 3493 medicorum
389 3450 425 3492 ac
442 3429 618 3492 mediastinis
632 3431 761 3508 vectigal
776 3430 895 3490 invenit.
