2400 3840
308 199 609 250 uar.nrsu.xxx1.
627 197 652 249 a.
668 197 694 250 3.
716 189 864 256 (rs—21.)
1019 185 1080 246 265

85 357 216 418 veniatur
235 354 269 415 ad
286 355 393 414 iontem
409 354 493 413 alveo
510 352 688 432 adpositum,
702 351 757 412 'ubi
772 355 867 414 finitur
882 353 910 412 id
925 369 1019 430 genus
1041 351 1082 430 pi·

87 441 194 513 scium,
213 439 345 516 adeoque
357 438 396 498 ibi
408 447 494 516 caput
505 438 594 497 emnis
607 437 667 495 eius
680 437 821 514 intellegit
832 438 916 498 lama.
940 435 996 495 hoc
1008 435 1083 494 idem

88 533 117 585 et
132 525 161 581 in
171 522 260 597 Lydia
275 524 304 581 in
316 531 419 599 stagno
430 520 625 598 Nympharum
634 519 756 579 tradunt.
780 521 812 580 lu
825 521 950 581 Arcadia
963 519 997 579 ad
1009 518 1080 577 Phe·
1092 528 1126 582 26

87 625 171 666 neum
185 623 259 684 aqua
273 605 389 683 produit
403 624 440 664 ex
451 608 547 681 saxis,
563 639 605 651 -
619 605 691 679 Styx
701 605 866 684 appellatur
878 638 936 682 ——,
954 604 1022 662 ilico
1035 619 1084 660 ne·
1100 613 1103 618 ·

64 699 152 765 scat,
170 699 198 749 ut
213 690 349 764 diximus,
365 689 417 748 sed
433 707 500 748 esse
515 691 603 767 piscis
624 705 730 766 parvos
745 690 774 749 in
789 707 823 750 ea
838 689 924 749 tradit
936 687 1029 747 'l'beo-
1045 709 1068 747 ι,
1082 703 1115 740 aar

88 774 239 853 phrastos,
262 773 357 832 letalis
370 782 399 832 et
412 772 509 851 ipsos,
525 772 599 850 quod
613 789 671 831 non
687 774 715 832 in
732 773 789 834 alio
801 790 911 851 genere
923 771 1083 831 mortifero·

88 874 149 917 rum
161 857 289 916 fontium.
319 857 433 916 Necare
454 873 543 935 aquas
558 856 765 936 Theopompus
783 866 813 917 et
827 858 855 917 in
869 856 993 916 Threcia
1008 853 1084 933 apud
1094 863 1126 917 27

90 940 221 1016 Cychros
233 939 317 1016 dicit,
331 941 425 1015 Lycus
440 942 469 998 in
480 940 626 1000 Leontinis
640 942 726 1000 tertio
738 940 785 1001 die
798 959 883 1020 qnam
895 941 958 1019 quis
970 937 1085 1013 biberit,

87 1024 182 1084 Varro
198 1024 234 1084 ad
247 1025 370 1084 Soracte
385 1026 413 1082 in
428 1024 523 1097 tonte,
540 1025 621 1082 cuius
633 1024 670 1082 sit
684 1023 805 1084 latitudo
822 1033 955 1103 quattuor
971 1022 1085 1102 pedum.

55 1108 155 1168 aosole
178 1109 290 1167 oriente
309 1125 373 1166 eum
392 1106 539 1165 exundare
556 1107 680 1167 ferventi
703 1109 838 1184 similem,
862 1109 922 1168 avis
940 1124 1014 1186 qnae
1037 1105 1086 1165 de·

89 1191 271 1268 gustaverint
286 1192 362 1249 iuxta
383 1198 510 1248 mortuas
530 1190 639 1249 iacere.
669 1185 792 1268 namque
809 1199 838 1249 et
856 1190 931 1249 haec
948 1190 1086 1250 insidiosa

90 1274 217 1334 conditio
235 1272 372 1349 estquod
387 1272 526 1350 quaedam
543 1273 628 1332 etiam
641 1271 822 1333 blandiuntur
832 1273 990 1351 adspectu,
1007 1281 1037 1331 ut
1051 1272 1086 1333 ad

89 1356 244 1415 Nonacrim
260 1355 420 1430 Arcadiae,
444 1358 559 1415 omnino
575 1355 649 1415 enim
671 1356 749 1417 nulla
770 1357 917 1416 deterrent
939 1354 1085 1434 qualitate]

90 1441 164 1499 hauc
178 1447 278 1518 putant
292 1440 377 1498 nimio
390 1439 500 1516 frigore
516 1457 584 1498 esse
595 1441 727 1514 noxiam,
746 1448 848 1519 utpote
863 1457 926 1499 cum
940 1439 1087 1517 profluens

55 1543 80 1586 rs
91 1522 337 1601 ipsalapidescat.
361 1522 445 1581 aliter
458 1522 835 1602 circa'lhcssalica'lcmpc,
849 1524 982 1601 quoniam
995 1523 1083 1582 omni·
1096 1533 1130 1586 28

90 1606 143 1665 bus
164 1607 270 1664 terrori
289 1615 349 1681 est,
371 1606 541 1684 traduntque
559 1623 632 1666 aene
654 1608 739 1666 etiam
758 1625 793 1666 ac
811 1608 917 1666 ferrum
939 1607 1021 1667 erodi
1038 1605 1088 1666 illa

90 1707 174 1767 aqua.
206 1689 333 1767 produit,
344 1697 375 1748 ut
384 1690 579 1766 indicavimus,
593 1690 676 1749 brevi
689 1692 793 1770 spatio,
806 1694 975 1769 mirumque,
988 1690 1045 1749 sili·
1057 1706 1079 1749 ι,
1092 1707 1115 1743 u
1151 1727 1153 1732 ,

91 1790 146 1851 qua
162 1772 304 1832 silvestris
323 1773 458 1851 amplecti
473 1773 618 1834 radicibus
632 1774 742 1835 iontem
762 1793 825 1834 eum
848 1775 951 1836 dicitur
973 1791 1089 1851 semper

90 1857 198 1916 florens
216 1874 351 1935 purpura.
382 1867 410 1916 et
426 1858 565 1935 quaedam
579 1859 623 1917 sui
637 1860 756 1935 generis
770 1857 861 1918 herba
875 1859 903 1917 in
918 1856 1008 1918 labris
1024 1857 1087 1916 ion-

55 1940 127 1999 eotis
142 1940 225 1999 viret.
255 1938 287 1998 ln
305 1940 491 2016 llacedonia,
511 1958 567 2000 non
581 1941 683 2019 procul
698 1941 845 2019 Euripidis
867 1950 973 2020 poetae
991 1940 1087 2019 sepul·

92 2022 178 2098 cliro,
195 2022 251 2081 duo
266 2024 321 2082 rivi
338 2023 499 2100 confluunt,
521 2025 595 2084 alter
610 2024 789 2084 saluberrimi
806 2034 908 2104 potue,
922 2025 997 2084 alter
1013 2039 1087 2082 mor·

90 2105 177 2164 sileri.

153 2188 238 2266 (20.)
260 2186 293 2248 lu
308 2188 483 2268 Perperenis
498 2190 563 2250 ione
576 2200 621 2250 est
632 2209 839 2270 quamcumque
852 2192 929 2268 rigat
944 2191 1087 2270 lapideam
1096 2202 1131 2257 29

90 2272 200 2331 iaciens
224 2280 345 2349 terram,
370 2275 438 2333 item
464 2273 574 2334 calidae
600 2293 693 2353 aquae
717 2276 746 2334 in
772 2275 913 2336 Euboeae
936 2275 1087 2354 Aedepso.

53 2370 155 2418 aonam
171 2372 224 2433 qua
243 2353 318 2415 cadit
338 2358 418 2416 rivos
440 2375 510 2418 saxa
532 2359 560 2417 in
581 2359 756 2418 altitudinem
778 2367 923 2420 crescunt.
953 2361 982 2417 in
996 2358 1087 2434 Eury-

89 2440 180 2497 menis
201 2437 332 2498 deiectae
355 2457 482 2500 coronae
502 2441 657 2502 insontem
678 2443 808 2521 lapideae
830 2445 908 2502 liunt.
941 2443 970 2501 in
986 2441 1087 2502 Colos-

90 2523 132 2580 sis
142 2521 246 2581 llumcn
257 2531 302 2580 est
317 2539 375 2600 qno
391 2523 499 2583 lateres
511 2526 615 2584 coiecti
626 2524 734 2603 lapidei
755 2524 950 2589 extrahuntur.
974 2526 1002 2585 in
1017 2526 1087 2600 Scy·

89 2606 182 2665 retlco
201 2604 319 2665 metallo
344 2606 465 2666 arbores
486 2624 684 2687 quaecumque
705 2607 819 2668 flumine
841 2607 992 2668 adluuntur
1018 2626 1088 2668 saxa

90 2687 160 2747 liunt
174 2706 237 2748 cum
250 2691 346 2750 ramis.
380 2689 560 2750 destillantes
582 2708 697 2769 quoque
715 2692 803 2768 guttis
817 2690 913 2769 lapide
930 2691 1085 2751 durescunt
1096 2702 1131 2757 30

55 2791 81 2832 ao
92 2772 121 2830 in
137 2772 224 2832 antris
237 2771 369 2847 Coryciis
383 2773 481 2849 ldaeo,
498 2791 562 2833 nam
573 2773 683 2834 lliezae
700 2775 727 2833 in
738 2772 908 2834 blaccdonia
921 2778 1005 2835 etiam
1019 2794 1087 2856 pen·

89 2853 192 2914 dentes
212 2855 239 2913 in
263 2857 334 2935 ipsis
353 2857 491 2935 camaris,
513 2867 542 2917 at
563 2858 590 2916 in
612 2856 762 2918 Corinthio
788 2875 851 2917 cum
875 2859 1021 2921 cecidere.
1038 2934 1042 2941 ι
1060 2861 1088 2920 in

90 2937 259 3016 quibusdam
274 2939 423 3016 speluncis
438 2950 561 3019 utroque
578 2940 680 3017 modo,
699 2941 904 3022 columnasque
918 2944 1042 3020 iaciunt,
1058 2952 1089 3003 ut

90 3022 118 3080 in
130 3021 252 3081 Phausia
265 3021 459 3083 Gbersonneei
473 3024 651 3086 Rhodiorum
662 3027 690 3084 in
701 3034 782 3086 antro
796 3045 912 3105 magno,
932 3031 1015 3088 etiam
1032 3028 1087 3086 dis·

90 3104 184 3164 colori
201 3104 350 3182 adspectu.
382 3107 419 3166 Et
432 3106 571 3168 hactenus
588 3111 714 3170 conteuti
730 3111 818 3170 simus
834 3110 985 3188 exemplis.

54 3206 80 3249 aa
155 3188 182 3250 3.
205 3187 288 3267 (21.)
312 3190 551 3264 Quaeritnr'inter
562 3194 691 3253 medicos
707 3196 786 3254 cuins
798 3194 915 3271 generis
926 3211 1018 3271 aquae
1031 3193 1086 3251 sint
1096 3202 1130 3257 sl

89 3272 267 3331 utilissimae.
306 3275 464 3350 stagnantis
485 3277 641 3355 pigrasque
656 3279 759 3337 merito
786 3278 933 3349 damnant,
958 3276 1088 3336 utiliores

89 3371 164 3433 quae
189 3354 334 3432 profluunt
359 3358 573 3434 existimantes,
601 3379 684 3419 cursu
707 3361 781 3419 enim
804 3377 1002 3438 percussuque
1022 3362 1088 3438 ipso

90 3439 239 3497 extenuari
259 3447 345 3518 atque
362 3440 524 3519 prolicere,
554 3458 650 3521 eoque
667 3443 755 3502 miror
778 3441 965 3501 cisternarum
983 3442 1019 3501 ab
1038 3442 1090 3499 ali-
