2400 3840
134 190 197 252 238
487 201 517 251 c.
535 204 631 252 norun
645 203 794 253 sneunnr

135 364 192 416 tum
208 356 323 418 faciunt.
357 358 414 418 hoc
435 358 510 418 idem
531 358 665 432 hystricis
684 360 765 437 spina
786 358 895 417 iecisse
915 355 952 416 ad
968 355 1135 416 firmitatem

133 440 269 520 pertinet.
300 443 416 518 linguae
432 442 532 502 ulcera
549 451 578 500 et
593 440 736 501 labrorum
747 441 913 501 hirundines
929 441 957 498 in
971 439 1068 498 mulso
1084 438 1133 498 de·

135 534 238 584 coctae
251 535 360 601 sanant,
377 525 458 607 adips
474 527 586 586 anseris
602 534 648 584 aut
660 525 787 601 gallinae
800 526 897 598 rimas,
911 538 1054 602 oesypum
1068 540 1133 582 cum

133 608 227 685 galla,
247 625 414 668 araneorum
431 609 509 668 telae
525 608 664 668 candidae
686 617 803 686 atquae
827 607 854 665 in
869 605 999 665 trabibus
1020 623 1132 684 paruae

71 690 76 698 '
133 699 278 751 texuntur.
301 693 324 751 si
339 692 481 752 ferventia
498 709 532 750 os
547 692 621 750 intus
637 693 809 767 exusserint,
825 690 901 749 lacte
914 689 1018 749 canino
1034 690 1157 749 statinus

134 773 316 834 sanabuntur.

90 869 125 924 ιε
187 857 269 937 (10.)
292 858 418 918 Maeuiae
436 859 464 916 iu
478 857 552 916 facie
570 874 710 935 oesypum
725 876 788 917 cum
802 857 889 916 mello
908 853 1031 916 Corsico
1053 853 1131 933 qood

96 940 100 949 '
133 943 320 1019 asperrimum
335 940 455 1000 habetur
470 949 614 1016 extenuat,
630 943 697 1000 item
711 941 830 1002 scobem
846 941 918 1001 cutis
933 941 961 998 in
976 939 1053 999 lucie
1068 956 1131 999 cum

132 1041 259 1082 rosaceo
273 1024 427 1101 inpositum
441 1024 563 1099 vellere,
577 1059 621 1070 --
638 1026 749 1102 quidam
765 1034 793 1084 et
806 1024 938 1099 butyrum
955 1020 1075 1100 addunt,
1090 1056 1132 1069 -

132 1108 157 1166 si
175 1124 247 1166 vero
262 1107 417 1184 vitiligines
433 1111 497 1183 sint,
514 1107 555 1166 iel
571 1109 700 1167 caninum
715 1110 793 1185 prius
811 1125 864 1167 acu
880 1113 1080 1184 conpunctas,
1104 1113 1162 1166 atro

132 1189 250 1249 liventia
267 1199 295 1250 et
311 1192 464 1267 suggillata
481 1191 632 1270 pulmones
648 1193 765 1252 arietum
779 1190 979 1268 pecudumque
995 1189 1024 1248 in
1036 1189 1129 1248 tenuis

135 1274 264 1333 consecti
282 1274 460 1335 membranas
481 1274 565 1334 calidi
579 1275 713 1352 inpositi,
736 1273 783 1332 vel
806 1271 1000 1333 columbinum
1024 1272 1128 1332 dmum.

90 1365 124 1420 29
136 1355 236 1418 Cutem
252 1359 280 1418 in
297 1358 373 1420 facie
392 1357 516 1419 custodit
533 1358 615 1436 adips
637 1359 747 1418 anseris
768 1357 815 1416 rel
833 1357 969 1433 gallinae.
998 1354 1128 1416 lichenas

134 1451 162 1501 et
176 1442 287 1503 murino
306 1443 372 1503 limo
392 1461 428 1503 ex
449 1451 533 1502 aceto
548 1441 667 1501 inlinunt
688 1450 717 1499 et
732 1441 831 1499 cinere
845 1440 972 1499 irenacei
997 1456 1035 1498 ex
1049 1440 1127 1499 oleo.

132 1527 161 1584 in
180 1526 235 1585 hac
251 1528 399 1587 curatione
420 1528 498 1605 prius
518 1526 591 1584 nitro
607 1543 645 1583 ex
665 1533 751 1584 aceto
769 1523 873 1582 faciem
895 1522 990 1583 ioreri
1015 1522 1158 1602 praeci-c

133 1610 222 1686 piunt.
250 1610 326 1668 tollit
341 1627 379 1668 ex
393 1610 467 1669 iacis
482 1609 549 1667 vitia
566 1617 595 1667 et
618 1609 782 1667 coclearum
797 1624 872 1686 quae
891 1606 968 1666 latae
988 1614 1019 1664 et
1040 1608 1127 1666 mino·

133 1700 181 1751 tae
205 1694 311 1769 passim
339 1693 518 1751 inveniuntur
540 1709 602 1750 cum
630 1691 717 1750 melle
744 1692 833 1770 ciuis.
870 1691 994 1749 omnium
1014 1689 1128 1768 quidem

135 1774 298 1834 coclearum
316 1776 387 1833 cinis
403 1777 519 1851 spissat,
537 1773 663 1850 calfacit,
681 1776 816 1834 smectica
832 1774 876 1850 vi,
899 1783 928 1832 at
941 1771 1009 1831 ideo
1025 1773 1127 1833 causti·

134 1858 176 1917 cis
192 1860 337 1932 miscetur,
354 1859 506 1934 psorisque
523 1864 551 1915 et
566 1856 655 1935 lepris
668 1866 696 1915 et
708 1856 837 1933 lentigini
848 1856 984 1915 inlinitur.
1012 1856 1126 1915 invenio

135 1949 164 1999 et
179 1940 313 1999 formicas
331 1940 528 2000 Herculaneas
548 1940 689 2019 appellari
710 1939 813 2018 qrribus
832 1940 907 1998 tritis
927 1938 1042 1999 adiecto
1064 1937 1157 1998 saleto

91 2035 125 2090 30
137 2024 243 2099 exiguo
255 2023 321 2084 talia
337 2024 403 2083 vitia
416 2032 559 2083 sanentur.
590 2023 736 2103 buprestis
751 2022 853 2083 animal
870 2032 915 2082 est
926 2038 1022 2081 rarum
1038 2021 1126 2081 iulta-

134 2107 190 2182 lia,
206 2107 378 2166 simillimum
401 2107 559 2167 scarabaeo
576 2106 735 2184 longipedi.
765 2106 838 2166 fallit
860 2107 934 2165 inter
954 2104 1063 2164 herbas
1077 2105 1126 2165 bo·

132 2208 197 2248 vem
217 2207 365 2265 maxume,
384 2189 458 2249 unde
480 2199 509 2249 et
530 2206 632 2248 nomen
648 2191 771 2264 invenit,
797 2189 1025 2267 devoratumque
1049 2196 1126 2248 tacto

133 2272 204 2331 ielle
219 2273 258 2331 ita
276 2273 427 2332 iollammat
443 2281 475 2330 ut
488 2281 608 2349 rumpat.
638 2271 712 2333 haec
733 2290 797 2332 cum
817 2271 929 2332 hircino
950 2271 1025 2331 sebo
1048 2272 1127 2332 inlita

90 2376 119 2418 ss,
132 2374 155 2410 ιι
175 2354 303 2414 lichenas
317 2374 354 2415 ex
366 2355 440 2415 lacie
456 2354 531 2414 tollit
545 2357 654 2433 septica
669 2358 708 2433 ri,
725 2365 755 2416 ut
772 2373 859 2434 supra
875 2355 1050 2415 dictumest.
1066 2354 1156 2416 rol-tt

132 2439 242 2499 turinus
263 2440 380 2516 sanguis
400 2457 461 2498 cum
478 2437 690 2499 chamaeleonis
708 2439 809 2516 albae,
827 2456 910 2518 quam
925 2438 1045 2498 herbam
1061 2454 1126 2498 esse

90 2545 119 2587 ιι,
131 2542 154 2578 u
161 2523 293 2600 diximus,
305 2524 403 2583 radice
416 2532 445 2582 et
458 2521 554 2582 cedria
568 2525 651 2581 tritus
666 2531 874 2600 contectusque
886 2522 1017 2582 brassica
1029 2521 1126 2600 lepras

132 2617 229 2684 sanat,
251 2609 317 2667 item
340 2606 430 2685 pedes
447 2607 623 2667 locustarum
640 2624 703 2664 cum
722 2605 795 2665 sebo
811 2606 922 2665 hircino
941 2607 1009 2664 triti.
1041 2620 1126 2664 raros

131 2691 213 2767 adips
241 2691 420 2768 gallinaceus
441 2708 504 2750 cum
526 2708 600 2768 cepa
620 2686 765 2748 subactus.
804 2688 982 2747 utilissimum
1000 2689 1031 2746 in
1052 2687 1126 2748 lucie

131 2774 187 2833 mel
204 2775 232 2832 iu
247 2791 304 2852 quo
320 2792 391 2852 apes
403 2777 459 2834 siut
473 2774 644 2850 inmortuae,
659 2773 816 2851 praecipue
830 2779 925 2831 tamen
938 2770 1045 2830 faciem
1060 2772 1155 2850 pur-⁸⁰

133 2865 183 2935 gat
199 2866 227 2916 et
248 2866 351 2934 erugat
364 2858 448 2934 cygni
463 2857 555 2937 adips.
582 2858 715 2933 stigmata
728 2855 859 2915 delentur
879 2852 1045 2914 columbino
1062 2856 1125 2914 limo

132 2958 169 3000 ex
183 2948 278 2999 aceto.

89 3035 122 3090 31
188 3023 271 3103 (tl.)
296 3022 485 3084 Gravedinem
512 3023 741 3098 inveniofiniri,
764 3022 873 3100 siquis
900 3019 978 3080 uaris
1005 3021 1126 3082 mulinas

130 3105 287 3167 osculetur.
304 3125 359 3166 uva
373 3118 402 3167 et
412 3107 536 3167 faucium
548 3104 633 3165 dolor
645 3106 789 3182 mitigatur
803 3105 869 3164 limo
881 3121 1021 3181 agnorum
1035 3105 1125 3183 prius·

131 3209 214 3269 quam
226 3191 344 3251 herbam
356 3191 535 3268 gustaverint
547 3190 574 3249 io
586 3189 685 3249 umbra
698 3189 838 3262 arefacto,
854 3204 908 3247 uva
919 3204 991 3247 suco
1005 3188 1156 3248 cocleaets

130 3293 183 3334 acu
200 3275 378 3335 transfossae
397 3274 492 3344 inlita,
512 3281 542 3330 ut
564 3272 667 3332 coclea
691 3272 755 3351 ipsa
776 3273 806 3330 in
822 3271 899 3331 fumo
921 3272 1139 3350 suspendatur,

128 3357 305 3419 hirundinum
322 3360 419 3418 cinere
436 3374 499 3415 cum
510 3356 606 3415 melle.
623 3356 667 3415 sic
680 3365 708 3415 et
720 3355 842 3415 tonsillis
854 3356 1041 3415 succurritur.
1064 3364 1134 3433 tsp·.

86 3449 120 3504 32
131 3440 210 3501 sillae
232 3450 261 3501 et
282 3441 373 3501 laucis
396 3441 480 3500 lactis
502 3440 582 3500 ovilli
606 3439 799 3516 gargarizatio
815 3438 937 3498 adiuvat.
969 3437 1126 3518 multipeda
