2400 3840
143 209 201 272 102
460 220 490 270 c.
513 220 609 267 unum
630 219 780 267 sncnnnn

139 386 215 436 stare
231 393 320 454 posse
342 373 733 450 intellegerem*-iaventibus⁴
749 375 858 433 conctis
882 381 913 432 ut
936 383 1034 433 essent
1056 392 1127 435 vera

138 477 212 537 quae
228 457 363 519 lacillima
382 466 481 532 erant,
505 458 667 516 universum
689 475 783 536 prope
798 458 947 517 humanum
961 474 1053 533 genus
1072 459 1126 517 oir-

137 543 261 619 onmegit
288 542 315 599 in
342 560 374 601 se
399 558 456 599 non
479 540 536 600 alio
558 541 643 600 modo
669 558 752 619 quam
776 542 800 599 si
821 540 905 600 caelo
921 540 1062 600 demissus
1078 542 1127 601 ad·

93 719 127 772 14
136 633 273 787 νθωίἓῗζ
288 706 434 766 Trahebat
449 716 603 784 praeterea
617 707 720 765 mentis
735 706 855 765 artificio
879 708 990 766 animos
1010 707 1065 766 iarn
1083 709 1149 766 vis

135 810 197 850 num
218 789 412 869 promittendo
430 792 527 865 aegris
551 789 701 869 dandoque
717 791 900 867 tempestive,
919 792 973 848 iam
993 789 1127 866 frigidam

134 892 248 953 aquam,
266 883 295 932 et
310 875 443 949 quoniam
459 890 561 933 causas
576 873 739 932 morborum
755 874 877 931 scrutari
890 874 969 950 prius
983 872 1126 951 Herophi-

134 957 179 1017 lus
194 959 369 1032 instituerat,
386 956 442 1015 vini
458 957 598 1016 rationem
613 956 815 1016 inlustraverat
832 954 1028 1034 Cleophantus
1051 956 1125 1036 apud

136 1042 266 1117 priscos,
295 1041 358 1117 ipse
383 1041 579 1115 cognominari
600 1058 633 1099 se
655 1037 760 1116 frigida
783 1037 874 1097 danda
894 1040 1079 1116 praeterens,
1096 1049 1126 1098 ut

134 1132 236 1182 auctor
256 1131 301 1182 est
315 1122 353 1182 bl.
369 1123 480 1198 Varro,
501 1122 557 1182 alia
577 1140 693 1202 qnoque
715 1121 907 1182 blandimenta
928 1121 1123 1200 excogitabat,
1135 1138 1159 1176 ιο

133 1208 188 1264 iam
212 1205 417 1284 suspendendo
436 1206 560 1266 lectulos
578 1224 698 1284 quorum
718 1207 823 1265 iactatu
839 1213 887 1264 ant
905 1205 1023 1264 morbos
1045 1216 1124 1266 exte·

133 1299 235 1349 nuaret
251 1299 298 1350 aut
309 1306 427 1350 somnos
438 1288 588 1366 alliceret,
604 1291 659 1349 mm
676 1287 794 1348 balneas
813 1288 973 1348 avidissima
984 1287 1125 1348 hominnm

136 1373 270 1450 cupidine
287 1373 459 1434 instituendo
475 1383 505 1432 et
520 1373 575 1433 alia
595 1375 681 1433 multa
697 1373 773 1433 dictu
788 1380 871 1448 grata
885 1380 971 1450 atque
991 1371 1124 1447 iucunda,

93 1471 124 1523 re
136 1475 239 1533 magna
258 1459 418 1520 auctoriate
435 1475 490 1516 nec
505 1459 615 1516 minore
633 1457 726 1531 lama,
748 1472 811 1514 curn
833 1457 1009 1514 occurrisset
1023 1458 1123 1533 ignoto

131 1541 235 1615 funeri,
252 1541 345 1600 relato
361 1539 476 1599 homine
490 1540 526 1598 ab
542 1557 617 1617 rogo
632 1549 720 1616 atque
735 1546 862 1613 servato,
881 1556 918 1596 ne
933 1540 997 1616 quis
1012 1538 1124 1598 levibus
1137 1557 1158 1598 rs

131 1625 284 1682 momentis
298 1632 405 1681 tantam
423 1624 643 1681 conversionem
660 1622 765 1681 iactam
789 1623 942 1681 existimet.
988 1621 1016 1680 id
1031 1622 1124 1682 solum

134 1722 286 1783 possumus
307 1705 466 1780 indignari,
491 1721 573 1776 unum
598 1702 739 1764 hominem
760 1704 938 1764 elocissima
952 1713 1040 1782 gente
1061 1707 1123 1765 sine

133 1787 237 1865 opibus
253 1786 320 1845 ullis
341 1803 438 1846 orsum
456 1787 609 1865 vectigalis
624 1789 667 1847 sui
685 1805 771 1847 causa
788 1797 911 1866 repente
924 1788 1008 1865 leges
1024 1788 1123 1848 salutis

131 1871 252 1931 humano
269 1871 372 1945 generi
388 1868 513 1946 dedisse,
530 1888 601 1948 quas
615 1879 710 1930 tamen
723 1879 824 1948 postea
838 1870 1018 1947 abrogavere
1034 1871 1123 1931 multi.

92 1964 124 2019 16
137 1953 333 2031 Asclepiaden
356 1955 492 2014 adiuvere
508 1954 594 2013 multa
615 1955 644 2013 in
659 1955 837 2032 antiquorum
857 1971 925 2013 uuna
939 1956 1020 2013 nimis
1039 1956 1156 2016 anxiato

133 2046 161 2096 ot
184 2037 275 2112 rudia,
298 2046 327 2096 nt
349 2037 488 2096 obruendi
506 2054 612 2114 aegros
633 2046 715 2096 veste
736 2035 917 2114 sudoresque
941 2039 1016 2096 omni
1036 2037 1123 2098 modu

131 2119 236 2194 ciendi,
249 2138 324 2178 nunc
343 2137 467 2198 corpora
482 2121 519 2180 ad
533 2121 608 2196 ignis
622 2120 750 2180 torrendi
766 2120 885 2179 solesve
902 2119 1020 2180 adsiduo
1036 2139 1122 2200 quae·

130 2202 212 2262 rendi
230 2203 258 2261 in
274 2202 344 2262 urbe
358 2202 504 2278 nimbosa,
527 2204 611 2263 immo
631 2221 703 2263 vero
717 2212 776 2262 tota
798 2201 880 2263 ltalia
898 2203 1028 2263 imbrium
1043 2221 1122 2264 crea·

130 2287 220 2360 trice,
243 2293 300 2344 tum
316 2287 434 2362 primum
449 2287 555 2363 pensili
568 2285 745 2346 balinearum
760 2304 811 2345 usn
832 2286 867 2346 ad
888 2287 1023 2364 inlinitum
1042 2286 1121 2346 blan·

89 2378 122 2432 ιι
135 2368 270 2428 dientem.
304 2378 455 2445 praetcrea
473 2371 502 2427 in
524 2368 692 2449 quibusdam
706 2369 814 2428 morbis
827 2369 958 2429 medendi
980 2371 1156 2430 cruciatusau

131 2452 268 2529 detraxit,
295 2461 325 2511 nt
339 2453 368 2511 in
384 2452 510 2528 anginis,
540 2471 611 2532 quas
633 2452 770 2512 curabant
791 2455 820 2513 in
840 2454 932 2512 lancis
948 2470 1057 2529 organo
1074 2453 1121 2512 de·

130 2536 229 2595 misso.
276 2535 417 2595 damnavit
442 2538 543 2595 merito
571 2546 600 2595 et
622 2537 794 2596 vomitiones
814 2544 880 2596 tunc
902 2553 988 2614 snpra
1008 2536 1122 2596 modum

130 2620 300 2697 frequentis.
329 2621 421 2696 arguit
436 2628 465 2678 et
482 2618 753 2680 medicamentomm
768 2626 854 2698 pctus
869 2619 1018 2679 stomacho
1032 2620 1122 2678 inimi-

131 2719 193 2776 cos,
210 2702 288 2780 quod
304 2712 349 2761 est
363 2720 465 2778 magna
481 2721 519 2761 ex
534 2712 617 2782 parte
632 2720 740 2762 vorum.
786 2703 884 2779 itaque
904 2719 958 2764 nos
979 2704 1122 2781 inprimis

129 2801 203 2862 quae
220 2793 284 2843 sunt
300 2783 448 2843 stomacho
465 2785 545 2844 utilia
563 2787 718 2860 signamus.
881 2833 884 2838 .
1132 2804 1156 2846 eo

89 2877 123 2930 18
197 2868 226 2925 4.
249 2866 311 2944 (9.)
335 2867 535 2943 superomnia
551 2867 688 2927 adiuvere
704 2886 769 2926 eum
785 2869 915 2945 magicae
932 2870 1073 2936 vanitates
1093 2872 1123 2928 in

128 2958 235 3008 tantum
258 2956 379 3007 evectae
401 2958 431 3007 nt
455 2947 600 3026 abrogare
626 2948 723 3009 herbis
746 2949 831 3010 iidem
855 2953 964 3011 cunctis
985 2960 1121 3030 possent:

130 3030 306 3109 Aethiopide
328 3030 418 3091 herba
439 3033 530 3091 amnis
547 3049 582 3090 ac
598 3040 699 3109 stagna
720 3034 826 3094 siccari
848 3033 1022 3110 condendis,
1044 3043 1123 3095 tactu

130 3115 229 3175 clausa
246 3114 339 3174 omnia
351 3116 472 3192 aperiri,
485 3114 702 3176 Achaemenide
713 3119 846 3178 coniecta
857 3119 885 3177 in
897 3118 988 3178 aciem
999 3117 1122 3178 hostium

130 3197 276 3276 trepidare
293 3198 406 3273 agmina
426 3215 461 3257 au
477 3207 559 3275 terga
577 3201 661 3275 verti,
676 3200 790 3260 latacen
805 3200 866 3260 dari
888 3200 1000 3260 solitam
1021 3201 1157 3265 aPer-oa

130 3299 225 3341 sarum
241 3298 313 3356 rege
331 3278 452 3357 legatis,
474 3290 503 3340 nt
517 3298 699 3360 quocumque
719 3286 867 3343 venissent
880 3285 1003 3343 omnium
1024 3303 1122 3345 rerum

87 3378 121 3431 19
134 3366 219 3442 copia
235 3363 418 3440 abundarent,
435 3382 469 3425 ac
484 3364 571 3425 multa
586 3365 697 3426 similia.
724 3366 836 3426 ubinam
850 3367 923 3427 istae
941 3368 1040 3444 fuere,
1058 3385 1123 3428 cnm

129 3446 236 3508 Cimbri
252 3447 431 3526 Teutonique
444 3447 565 3509 terribili
576 3447 668 3510 blarte
682 3448 834 3526 ulularent,
851 3458 899 3510 aut
910 3467 973 3510 cum
987 3450 1123 3512 Lucullus
