2400 3840
126 198 185 260 124
463 206 605 257 erum
619 203 771 255 mounes

125 364 216 424 simile
232 361 402 439 coriandro,
422 362 522 422 radice
543 361 672 439 lignosa,
695 361 776 421 nasci
791 361 820 419 ln
833 356 1116 419 arbustismaxnrne.

81 458 135 514 134
142 449 195 508 Vis
208 449 269 506 eius
281 447 410 525 spissare
424 462 558 525 corpora.
586 460 674 503 sucus
687 443 856 520 sangninem
869 460 886 502 e
899 441 1016 502 naribus
1027 439 1116 500 duem

123 540 181 591 tem
196 529 324 589 inclusus
339 531 422 606 sistit,
439 530 507 589 item
524 528 629 587 alvom.
659 526 789 587 medetur
804 525 987 601 dysintericis
1001 524 1032 583 iu
1045 524 1116 583 vino

124 614 201 674 dulci
216 621 303 692 potus
319 612 429 687 cyathis
442 611 544 687 tribus,
562 612 672 670 urinam
689 612 758 684 ciet,
773 610 883 686 tussim,
905 607 1117 688 orthopnoeam

124 705 214 772 sanat,
231 696 297 755 itenn
313 705 397 775 rupta
412 703 440 754 et
454 712 529 773 quae
543 701 675 773 serpunt.
706 693 848 752 intestinis
864 701 894 752 et
908 694 1027 751 vesicae
1045 689 1141 750 lolius

124 777 274 851 bibuntur,
301 777 489 838 enterocelen
514 777 641 838 cohibet.
673 775 794 836 Faciunt
817 784 847 835 et
865 776 950 837 aliam
972 773 1117 854 hippurim

123 861 305 922 brevioribus
325 869 355 919 et
374 859 554 920 mollioribus
570 860 661 920 comis
676 858 958 938 candidioribusque,
975 874 1116 938 perquam

124 945 223 1005 utilem
234 943 398 1004 ischiadicis
418 952 448 1004 et
468 942 637 1003 volueribus
658 961 696 1002 ex
716 952 801 1002 aceto
822 943 975 1020 inpositam
995 948 1119 1020 propter

82 1039 134 1096 135
145 1026 300 1087 sistendum
317 1028 494 1104 sanguinem.
529 1026 566 1098 Et
586 1026 746 1105 nymphaea
765 1028 829 1086 trita
850 1025 945 1104 plagis
961 1025 1117 1104 inponitur.

125 1110 324 1190 peucedanum
341 1128 405 1169 cum
423 1110 532 1170 semiue
548 1109 680 1189 cupressi
694 1108 818 1185 bibitur,
837 1111 861 1168 si
881 1110 999 1185 sanguis
1013 1124 1067 1186 per
1081 1123 1117 1165 os
1129 1119 1155 1162 ro

125 1193 252 1254 redditus
266 1204 312 1253 est
327 1194 445 1254 lluxitv'e
458 1192 494 1252 ab
508 1193 639 1253 infernis.
680 1193 812 1252 Sideritis
833 1201 938 1252 tantam
958 1193 1015 1251 vim
1029 1188 1120 1249 hahet

126 1286 157 1336 ut
181 1279 310 1354 quamvis
332 1279 444 1337 recenti
471 1275 642 1354 gladiatoris
662 1276 775 1336 volneri
803 1275 922 1352 inligata
949 1275 1120 1351 sanguinem

127 1359 255 1437 claudat,
280 1360 358 1438 quod
372 1360 443 1421 lacit
461 1370 490 1421 ct
505 1359 617 1420 ferulae
633 1360 704 1420 cinis
718 1359 768 1419 rel
790 1359 896 1435 carbo,
918 1358 1024 1435 longus
1044 1373 1120 1416 vero

84 1453 135 1510 136
146 1445 231 1504 etiam
246 1444 410 1519 elllcacins,
427 1445 475 1522 qui
489 1442 645 1504 secundum
658 1441 785 1503 radicem
801 1443 863 1503 eius
877 1443 1015 1503 nascitur.
1034 1440 1120 1518 (84.)

126 1545 179 1606 per
198 1528 276 1586 naris
304 1536 399 1587 autem
423 1527 522 1586 liuenti
547 1535 577 1586 et
603 1529 714 1587 cicutae
736 1544 835 1586 semen
862 1526 957 1585 tritum
984 1541 1022 1583 ex
1043 1536 1157 1602 aquam

125 1609 308 1686 additumque
332 1611 438 1669 ellicax
460 1609 598 1684 habetur,
628 1611 696 1668 item
726 1609 952 1688 stephanomelis
973 1625 1011 1666 ex
1033 1624 1120 1685 aqua.

125 1691 299 1752 vettonicae
316 1691 407 1751 lerina
422 1709 439 1749 e
461 1691 536 1750 lacte
552 1693 671 1771 caprino
687 1701 756 1769 pota
778 1694 853 1752 sistit
872 1711 910 1752 ex
923 1690 1013 1750 ubere
1029 1689 1120 1749 fluen-

126 1783 194 1847 tem,
210 1772 404 1852 plantagoque
428 1783 575 1834 contunsa.
604 1772 731 1834 eiusdem
748 1793 836 1834 sucus
855 1773 1037 1835 vomentibus
1055 1791 1121 1834 san·

125 1859 240 1935 guinem
262 1855 352 1916 datur.
390 1856 426 1916 ad
455 1858 607 1917 erraticum
637 1865 732 1917 autem
752 1857 834 1918 radix
855 1857 1033 1935 persollatae
1055 1874 1121 1915 curn

84 1951 133 2006 137
145 1941 269 2018 axungia
283 1950 385 2000 vetere
405 1940 485 2002 inlita
505 1941 654 2020 probatur.
686 1940 769 2021 (85.)
792 1944 885 2020 ruptis
901 1940 1156 2019 convolsisque,ac

127 2043 164 2084 ex
183 2025 242 2085 alto
264 2024 386 2084 deiectis
407 2027 581 2085 centaurium
596 2026 702 2100 rnuius,
726 2025 879 2102 gentianae
895 2024 978 2085 radix
991 2025 1056 2082 trita
1071 2022 1121 2082 vel

126 2108 250 2168 decocta
266 2109 314 2168 vel
336 2125 422 2168 sucus
438 2109 626 2185 vettonicae,
654 2117 682 2168 et
704 2107 761 2168 hoc
784 2107 906 2186 amplius
929 2126 946 2168 a
966 2108 1050 2166 vocis
1073 2115 1121 2166 aut

126 2191 226 2250 lateris
243 2191 486 2268 contentionibus,
505 2209 642 2270 panaces,
658 2191 819 2266 scordium,
835 2190 1022 2250 aristolochia
1037 2197 1120 2268 pota,

126 2275 273 2350 agaricum
287 2276 355 2333 item
375 2275 522 2334 contunsis
538 2285 567 2334 et
590 2275 703 2334 cversis
722 2283 819 2352 potnrn
840 2273 952 2334 duobus
973 2272 1070 2333 obolis
1090 2273 1121 2331 in

125 2357 208 2415 mulsi
223 2355 335 2431 cyathis
349 2355 439 2416 tribus
454 2366 515 2434 aut,
534 2358 558 2416 si
572 2357 662 2417 lebris
678 2358 731 2432 sit,
752 2359 781 2417 in
795 2375 867 2436 aqua
887 2357 992 2432 mulsa,
1014 2355 1118 2416 verba·
1129 2374 1157 2416 as

126 2458 205 2500 scum
222 2441 301 2501 cuius
318 2440 372 2501 dos
387 2441 487 2500 similis
504 2458 573 2500 auro
590 2450 650 2518 est,
672 2443 752 2500 acori
776 2441 875 2514 radix,
891 2442 1002 2502 aizoum
1023 2457 1119 2514 omne,

125 2523 177 2584 sed
194 2526 310 2584 maioris
325 2541 412 2585 sucus
427 2524 645 2601 efficacissime,
669 2526 737 2584 item
752 2524 895 2602 symphyti
917 2525 961 2583 ius
978 2524 1026 2583 vel
1044 2521 1119 2582 radi·

126 2609 167 2668 eis
182 2608 350 2686 decoctum,
375 2608 484 2670 daucos
507 2608 612 2684 cruda,
638 2608 812 2684 erysithales
832 2608 905 2668 llcre
923 2607 1020 2682 luteo,
1040 2606 1120 2667 loliis

125 2691 240 2751 acanthi
260 2709 279 2752 e
297 2693 382 2769 vino,
407 2694 475 2753 item
494 2690 688 2770 'chamaerops
712 2702 742 2751 et
761 2693 790 2750 in
813 2691 975 2751 sorbitione
994 2691 1049 2751 irio
1070 2688 1119 2749 vel

83 2782 135 2840 138
144 2772 283 2851 plantago
306 2775 436 2835 omnibus
459 2776 560 2835 modis.
597 2775 681 2855 (86.)
711 2776 779 2834 item
800 2774 949 2853 phthiriasi
968 2807 1013 2821 —-
1037 2773 1118 2834 Sulla
1128 2789 1157 2832 ao

126 2857 249 2916 dictator
260 2867 444 2936 consumptus
459 2866 515 2932 est,
530 2865 742 2934 nascunturque
757 2858 938 2935 insanguine
952 2859 1016 2936 ipso
1029 2857 1119 2917 homi·

125 2941 169 2998 nis
181 2940 310 3000 animalia
323 2957 446 3001 exesura
461 2956 580 3018 corpus,
595 2942 795 3000 -resistitur
810 2959 883 3000 uvae
898 2943 1032 3001 taminiae
1047 2955 1119 3000 suco

125 3032 172 3082 aut
185 3024 292 3082 vemtri
310 3040 374 3082 curn
396 3024 464 3084 oleo
484 3025 631 3102 perunctis
653 3023 837 3103 corporibus.
872 3025 986 3085 taminia
1002 3024 1119 3103 quidem

125 3108 154 3166 in
171 3114 256 3167 aceto
274 3105 397 3167 decocta
412 3109 497 3167 etiam
512 3107 604 3167 vestis
620 3125 656 3168 eo
671 3107 767 3169 taedio
782 3107 896 3169 liberat.

83 3203 133 3256 139
192 3191 240 3251 14.
261 3190 347 3270 (87.)
367 3190 476 3252 Ulcera
491 3190 644 3266 multorum
658 3202 723 3252 sunt
744 3210 883 3270 generum
899 3209 934 3251 ac
947 3190 1044 3250 multis
1059 3206 1119 3249 mo·
1129 3203 1158 3246 ac

124 3274 168 3334 dis
185 3281 328 3334 curantur.
359 3275 478 3354 panacis
493 3277 617 3337 omnium
631 3294 770 3354 generum
786 3274 870 3336 radix
885 3293 923 3335 ex
939 3276 1007 3334 vino
1023 3272 1119 3334 calido

89 3376 113 3412 ss
127 3377 151 3411 ez
166 3358 292 3418 inlinitur
308 3359 495 3420 manantibus.
521 3361 612 3420 siccat
621 3361 753 3438 privatim
768 3376 851 3437 quarn
864 3357 1029 3419 Chironiam
1047 3356 1119 3416 dixi·

123 3459 202 3518 mus,
220 3456 283 3502 eum
299 3442 387 3504 melle
406 3444 473 3504 trita
496 3443 597 3504 tubera
618 3445 713 3523 sperit
731 3442 937 3520 ulceribusque
959 3458 1034 3520 quae
1057 3458 1119 3502 ser·
