2400 3840
299 203 380 251 unu.
397 202 488 255 urea.
505 203 613 255 xxvn.
630 202 656 256 s.
673 196 806 268 (rt—10.)
995 194 1054 259 aba

58 358 154 437 aenda
170 358 281 421 curado
296 367 344 419 aut
356 357 531 423 coercenda.
569 357 818 425 haemorrhoidum
834 376 950 437 quoque
964 359 1054 428 abun·

59 443 183 505 dentiam
198 442 302 505 leniter
315 443 399 505 sistit.
442 441 618 516 dysinteriae
633 442 788 503 infunditur
805 450 851 517 et,
867 444 892 503 si
908 442 1099 512 diiheilimno

59 533 278 606 concoquantur
300 523 374 602 eibi,
395 523 538 590 bibitura
559 543 632 592 cena
655 526 770 593 modico
788 526 958 603 interuallo,
982 529 1056 597 etia
1089 568 1099 574 -κ

57 608 268 687 regio-morbo
286 607 378 673 tribas
400 608 496 669 obolis
520 627 558 668 ex
578 626 671 689 aqua,
693 609 869 676 devorantur
895 618 924 669 et
946 610 1054 690 pilulae

34 712 122 760 scum
137 693 233 755 mellis
249 693 374 758 decocto
396 702 443 753 aut
462 695 558 753 resina
579 692 771 761 terebinthina
797 693 833 754 ad
848 693 998 772 purganda
1012 697 1053 756 in·

57 779 176 839 teriora.
214 776 367 854 digitorum
388 773 521 855 pterygia
542 775 635 854 tollit,
663 777 813 837 oculorum
838 776 1055 843 medicamentis

58 862 170 925 lavatur
188 870 219 921 ut
235 861 313 939 qnod
328 861 364 920 sit
384 859 637 928 harenosissimum
655 860 800 936 subsidat,
822 869 872 920 aut
887 869 1012 931 torretur
1026 863 1055 925 in

57 954 133 1006 testa
150 945 294 1023 pinnaque
309 943 431 1007 subinde
447 952 578 1011 verentur
597 953 628 1004 ut
643 945 737 1023 possit
758 943 918 1023 aequaliter
938 946 1053 1011 torreri.

121 1028 184 1108 (6.)
205 1026 298 1089 Alcen
309 1028 379 1088 lolia
393 1026 481 1095 habnt
496 1026 597 1088 similia
608 1026 792 1097 verbenacae
804 1046 880 1106 quae
890 1029 1052 1099 aristereon
1061 1041 1096 1096 nl

20 1113 291 1189 rocognominatur,
314 1111 405 1172 caulis
424 1112 477 1171 tris
491 1120 538 1171 aut
554 1120 688 1190 quattuor
702 1111 837 1171 loliorum
859 1111 980 1190 plenos,
1001 1113 1053 1174 llo·

57 1213 118 1255 rem
131 1213 234 1271 rosae,
250 1195 364 1255 radices
380 1193 460 1255 albas
477 1214 540 1255 cum
555 1195 715 1274 plurumum
729 1213 794 1269 sex,
810 1194 962 1273 cubitalis,
978 1197 1053 1258 obli·

57 1296 139 1358 quas.
175 1279 302 1346 nascitur
322 1281 351 1339 in
373 1279 471 1357 pingui
492 1278 557 1339 solo
585 1297 640 1340 nec
660 1281 752 1348 sicco.
786 1297 855 1339 asne
881 1280 988 1341 radicis
1015 1300 1054 1342 ex

56 1364 125 1422 rino
139 1362 188 1423 vel
203 1381 241 1422 ex
251 1380 325 1441 aqua
339 1361 538 1439 dysintericis,
553 1362 620 1423 aluo
638 1364 713 1425 citae
728 1371 757 1423 et
770 1364 878 1441 ruptis,
894 1363 1051 1425 conuolsis.

118 1447 180 1525 (7.)
201 1445 321 1524 Alapon
336 1445 587 1521 cauliculnsmolli
603 1448 715 1526 capite,
731 1463 789 1506 non
802 1444 941 1506 dissimile
955 1445 1095 1525 betaebn

20 1547 127 1594 nonore
146 1538 262 1606 gustatu
283 1548 318 1590 ac
337 1530 445 1594 lentum
466 1531 660 1609 mordensque
679 1531 866 1599 uehementer
892 1537 921 1589 et
946 1547 1051 1591 aceen-

57 1614 140 1674 deus.
166 1613 261 1675 alvom
276 1614 363 1675 soluit
376 1616 404 1674 in
415 1631 489 1693 aqna
504 1614 596 1681 mulsa
607 1614 703 1677 addito
713 1613 910 1675 salemodico.
931 1615 1053 1675 minuma

57 1699 139 1776 potio
157 1696 272 1759 duarum
287 1696 497 1775 drachmarum,
512 1698 605 1760 media
621 1706 766 1778 quattuor,
782 1715 1000 1774 mammaeam,
1017 1717 1052 1760 ea

58 1781 230 1859 purgatione
246 1780 348 1859 quibus
364 1782 476 1842 dature
492 1782 656 1860 gallinaceo
671 1783 743 1841 iure.

121 1864 183 1943 (8.)
203 1864 320 1941 hlaine,
341 1883 426 1944 quem
441 1865 554 1945 quidam
568 1874 721 1940 myosoton
737 1863 899 1944 appellant,
924 1865 1050 1926 nascitur
1060 1876 1096 1941 aa

19 1949 85 2015 scin
108 1947 199 2024 lucis,
221 1948 297 2008 unde
325 1958 355 2008 et
378 1948 470 2010 alsine
491 1950 567 2010 dicta
588 1959 641 2008 est.
670 1949 773 2026 incipit
791 1966 808 2008 a
828 1947 922 2008 media
944 1949 1052 2026 bieme,

57 2032 165 2096 arescit
185 2040 295 2092 aestate
310 2032 413 2093 media.
443 2050 507 2092 cnm
524 2031 672 2111 prorepit,
689 2030 881 2092 musculorum
900 2032 977 2090 auris
992 2032 1052 2091 imi·

56 2123 132 2176 tatur
146 2114 235 2175 loliis.
265 2115 318 2176 sed
335 2116 418 2177 aliam
433 2116 602 2177 docebimus
620 2133 687 2176 esse
703 2133 777 2194 quae
793 2114 894 2174 iustius
909 2115 1094 2190 myosotistm

56 2205 188 2257 vocetur.
216 2197 291 2259 haec
309 2198 411 2267 eadem
425 2208 488 2261 erat
502 2219 575 2279 quae
588 2197 716 2275 helxine,
733 2199 787 2259 nisi
798 2199 891 2258 minor
902 2200 1052 2277 minusque

56 2281 166 2341 hirsuta
192 2291 280 2342 esset.
317 2286 445 2345 nascitur
464 2284 494 2345 in
514 2284 607 2344 hortis
628 2293 657 2345 et
677 2301 807 2345 maxume
828 2284 857 2342 in
881 2281 1051 2360 parietibus.

21 2382 122 2427 tecum
135 2366 254 2441 teritur,
281 2366 400 2429 odorem
417 2369 579 2431 cucumeris
601 2367 706 2437 reddit.
736 2386 804 2429 unus
821 2367 935 2429 eiusad
957 2367 1048 2427 colle·
1060 2374 1095 2442 aa

57 2449 169 2508 ctiones
183 2449 477 2528 inflammationesque
497 2460 526 2513 et
546 2452 575 2511 in
597 2451 698 2521 eadem
715 2453 808 2511 omnia
830 2467 906 2528 quae
922 2449 1050 2527 helxine,

56 2532 109 2595 sed
130 2532 276 2592 inlirmius.
307 2533 457 2612 epiphoris
477 2534 664 2610 peculiariter
679 2534 837 2612 inponitur,
861 2534 929 2591 item
948 2551 1051 2593 veren-

54 2613 319 2756 plppupperibnsque
340 2634 405 2676 cum
427 2616 520 2677 farina
539 2615 713 2677 hordeacea.
745 2633 832 2675 sucus
853 2615 914 2674 eius
935 2613 1051 2674 auribus

56 2698 64 2713 '
98 2714 135 2756 un
155 2698 219 2757 itur.

18 2805 47 2850 an
121 2781 184 2861 (9.)
205 2779 394 2849 Androsaces
409 2782 499 2844 herba
515 2791 560 2844 est
575 2783 651 2860 alba,
668 2800 773 2859 amera,
791 2782 854 2842 sine
865 2781 955 2858 loliis,
970 2782 1046 2843 lolli·
1059 2791 1093 2847 25

58 2864 141 2925 culos
156 2864 185 2927 in
202 2864 284 2931 cirris
299 2864 411 2928 hebens
428 2877 457 2929 et
472 2869 501 2927 iu
512 2867 559 2928 his
572 2885 682 2928 semen.
712 2868 838 2927 nascitur
862 2867 890 2925 in
905 2866 1050 2926 maritimis

56 2949 160 3022 Syriae
176 2967 317 3013 maxume.
345 2952 427 3013 detur
440 2951 608 3031 hydropicis
621 2950 764 3014 drachmis
779 2948 890 3011 duabus
906 2957 988 3009 tunsa
1003 2958 1051 3010 nut

56 3031 180 3095 decocta
194 3036 222 3094 in
238 3053 313 3114 aqna
328 3036 376 3096 uel
391 3045 476 3097 aceto
487 3036 536 3097 uel
553 3037 631 3096 vino.
661 3034 850 3096 vehementer
863 3033 939 3094 enim
956 3033 1052 3092 urinas

57 3117 123 3176 ciet.
155 3118 237 3177 datur
254 3128 283 3178 et
305 3119 472 3198 podagricis
495 3119 689 3198 inliniturque.
718 3119 792 3180 idem
815 3117 939 3179 effectus
959 3124 989 3175 et
1004 3133 1050 3173 se·

19 3213 48 3256 eo
56 3201 149 3262 minis.

118 3285 203 3364 (10.)
229 3285 450 3347 Androsaemon
462 3287 546 3363 aire,
573 3294 605 3345 ut
627 3285 674 3345 alii
694 3284 902 3364 appellavere,
923 3297 1048 3356 ascyron
1058 3290 1094 3345 26

56 3383 115 3426 non
129 3367 261 3429 absimile
277 3377 323 3430 est
333 3369 487 3448 hyperico,
500 3368 537 3429 de
552 3387 607 3447 qun
623 3368 754 3447 diximus,
772 3367 921 3429 cauliculis
934 3367 1093 3426 maio-nnn

54 3449 136 3510 ribus
151 3451 392 3531 densioribusque
407 3462 438 3513 et
458 3452 550 3530 magis
576 3450 759 3514 rubentibus.
789 3451 865 3512 lolia
884 3448 960 3508 alba
974 3454 1070 3505 nane
