2400 3840
132 161 195 224 230
482 175 512 224 c.
527 177 623 224 emm
639 176 789 226 succuum

134 331 197 408 dia,
217 349 291 410 quae
317 339 347 390 et
366 332 511 407 inguinum
533 331 691 391 tumoribus
711 332 862 408 adalligari
882 332 993 409 solent,
1021 350 1135 396 novem

134 416 225 493 signis
240 416 355 491 signant
371 425 400 473 et
416 417 545 492 singulos
561 415 711 475 detrahunt
731 435 785 494 per
801 416 872 475 dies.
905 433 983 476 nono
999 418 1135 479 emittunt

92 511 144 564 133
153 500 301 575 lacertam,
319 499 435 576 lapillos
450 508 568 560 servant
583 499 618 558 ad
634 499 783 559 oculorum
799 499 928 559 dolores.
959 500 1007 559 alii
1021 509 1134 563 terram

133 583 318 644 substernunt
339 583 466 643 lacertae
486 583 569 642 viridi
585 592 763 643 excaecatae
779 592 809 642 et
825 601 879 642 una
901 586 930 642 in
947 585 1042 644 vitreo
1057 603 1133 647 vase

133 667 245 728 anellos
267 666 412 726 includunt
434 684 450 725 e
476 667 556 726 ierro
578 666 672 726 solido
695 667 743 726 vel
763 684 844 726 auro.
883 686 946 726 cum
975 670 1156 748 recepisses

132 752 225 810 visum
240 750 377 810 lacertam
393 749 524 828 adparuit
539 768 593 828 per
606 753 726 826 vitrum,
747 752 852 810 emissa
869 769 903 810 ea
920 751 1013 811 anulis
1028 763 1132 813 contra

132 834 330 913 lippitudinem
343 841 467 908 utuntur,
479 833 526 893 alii
542 835 645 912 capitis
658 835 755 894 cinere
768 852 821 911 pro
832 833 898 893 stibi
914 835 949 894 ad
963 835 1130 897 scabritias.

132 919 246 998 quidam
261 916 380 975 viridem
397 917 486 993 longo
506 917 584 976 collo
607 919 635 976 in
656 917 801 978 sabulosis
821 928 989 978 nascentem
1010 920 1131 980 combu-

130 1010 195 1061 runt
209 1010 238 1060 et
253 1000 438 1078 incipientem
454 1001 622 1080 epiphoram
639 1004 792 1078 inungunt,
808 1003 919 1061 etitem
934 1003 1129 1079 glaucomata.

89 1096 139 1151 131
150 1083 292 1146 llustclae
310 1086 395 1144 etiam
412 1085 504 1145 oculis
520 1095 625 1162 punctu
642 1087 730 1144 erutis
747 1086 825 1144 aiunt
839 1087 929 1146 visum
944 1090 1064 1164 reverti,
1081 1107 1130 1149 ea·
1141 1105 1164 1147 rc

132 1168 254 1246 demque
273 1170 390 1246 quaein
405 1169 523 1229 lacertis
544 1177 573 1228 et
595 1168 686 1228 anulis
700 1169 817 1229 iaciunt.
847 1172 995 1248 serpentis
1012 1172 1131 1232 oculum

132 1253 263 1312 dextrum
280 1252 465 1329 adalligatum
482 1263 582 1314 contra
600 1253 757 1332 epiphoras
778 1253 937 1332 prodesse,
956 1254 981 1313 si
1003 1273 1130 1334 serpens

130 1339 197 1397 viva
213 1336 376 1397 dimittatur.
398 1337 625 1398 lacrimantibus
637 1337 698 1396 sine
710 1336 767 1395 line
782 1337 874 1397 oculis
888 1338 960 1398 cinis
974 1338 1130 1400 stelionum

132 1423 234 1501 capitis
258 1439 320 1481 cum
342 1421 409 1481 stibi
430 1424 535 1481 eximie
555 1420 694 1480 medetur.
728 1419 836 1480 dranci
859 1423 994 1482 muscarii
1016 1422 1077 1484 tela
1101 1432 1131 1482 ct

131 1508 289 1583 praecipue
302 1505 442 1584 spelunca
457 1507 521 1584 ipsa
536 1506 661 1583 inposita
673 1522 726 1584 per
737 1505 862 1564 frontem
877 1505 911 1564 ad
924 1506 981 1565 duo
996 1515 1129 1586 tempora
1138 1525 1162 1566 ru

131 1591 159 1647 in
174 1589 288 1666 splenio
306 1588 420 1665 aliquo,
436 1590 474 1649 ita
492 1598 522 1648 ut
538 1608 553 1649 a
572 1606 664 1668 puero
680 1586 788 1666 inpube
807 1598 835 1648 et
853 1590 982 1667 capiatur
999 1599 1029 1648 et
1046 1591 1128 1670 inpo-

130 1680 213 1729 natur
232 1689 287 1729 nec
306 1673 330 1728 is
351 1672 445 1731 triduo
468 1690 500 1730 se
517 1672 651 1732 ostendat
673 1672 701 1731 ei
721 1674 766 1731 cui
782 1671 959 1749 medebitur,
983 1692 1065 1733 neve
1088 1673 1128 1734 al·

131 1762 240 1814 teruter
256 1753 339 1812 nudis
356 1754 479 1832 pedibus
494 1764 598 1814 terram
614 1758 732 1832 attingat
752 1755 797 1814 his
819 1755 938 1831 diebus,
958 1756 1129 1816 mirabiliter

88 1847 140 1903 132
152 1837 304 1916 epiphoris¹
322 1837 432 1897 mederi
453 1837 565 1897 dicitur.
603 1838 755 1915 albugines
775 1857 892 1918 quoquc
915 1839 1020 1900 tollere
1048 1843 1127 1902 inuu-

131 1923 226 1982 cticne
252 1921 373 1982 araneus
397 1921 533 1981 candidus
555 1922 731 2000 longissimis
751 1940 786 1982 ac
807 1925 981 1983 tenuissimis
1003 1923 1160 2002 pedibusue

131 2008 270 2066 contritus
285 2007 313 2065 in
334 2006 401 2065 oleo
424 2015 535 2065 vetere.
572 2009 596 2066 is
619 2008 703 2066 etiam
728 2008 772 2064 cui
789 2007 997 2066 crassissimum
1019 2016 1129 2068 textum

132 2093 220 2151 estin
237 2090 497 2166 contignationibus
520 2092 585 2150 lere
600 2090 771 2166 adalligatus
793 2107 885 2169 panno
908 2090 1067 2171 epiphoras
1084 2109 1128 2152 sa·

130 2191 199 2232 narc
223 2174 351 2234 traditur.
392 2172 548 2232 Scarabaei
572 2174 671 2233 viridis
691 2181 790 2232 natura
818 2176 1012 2234 contuentium
1034 2176 1128 2236 visum

130 2259 255 2332 exacuit,
272 2257 367 2332 itaque
384 2273 556 2332 gemmarum
572 2258 736 2336 scalptores
754 2258 881 2317 contuitu
898 2275 997 2318 eorum
1010 2260 1127 2338 acquie-

131 2349 222 2399 scunt.
1137 2361 1161 2403 as

88 2434 140 2489 133
206 2423 291 2503 (39.)
311 2423 399 2483 Auris
416 2432 520 2502 purgat
535 2424 574 2484 fel
591 2424 712 2503 pecudis
729 2441 792 2484 cum
807 2424 910 2502 melle,
933 2425 1026 2485 canini
1042 2424 1128 2486 lactis

128 2509 277 2569 instillatio
294 2507 374 2567 sedat
389 2507 536 2583 dolorem,
561 2509 732 2585 gravitatem
749 2509 831 2587 adips
854 2526 917 2568 cum
932 2507 1077 2570 absinthio
1100 2518 1129 2569 et

130 2593 198 2653 oleo
222 2601 332 2670 vetere,
354 2594 421 2652 item
443 2591 525 2670 adips
551 2595 710 2652 anserinus.
743 2593 857 2670 quidam
879 2592 1005 2652 adiciunt
1028 2610 1129 2654 sucum

130 2695 230 2756 cepae,
249 2676 296 2736 alii
310 2676 349 2735 ali
363 2677 425 2755 pari
443 2676 538 2735 modo.
564 2684 678 2736 utuntur
694 2686 724 2736 et
738 2694 791 2755 per
806 2695 838 2736 se
855 2676 918 2736 ovis
933 2675 1129 2754 formicarum,

129 2779 251 2838 namquo
262 2769 291 2819 et
305 2760 372 2820 huic
384 2759 497 2819 animali
510 2768 556 2819 est
566 2760 717 2837 medicina,
734 2769 906 2838 constatque
917 2777 1002 2820 ursos
1016 2778 1127 2838 aegros
1137 2779 1161 2823 ac

87 2844 205 2910 1341100
224 2842 289 2902 cibo
306 2846 409 2904 sanari.
437 2843 580 2903 Auserum
599 2845 779 2922 omniumque
794 2844 887 2903 avium
905 2842 987 2923 adips
1003 2862 1129 2924 pracpa-

128 2936 223 3001 ratur‚
244 2928 444 3004 exemptisque
466 2929 548 2986 venis
567 2926 696 2987 omnibus
711 2929 805 3006 patina
824 2945 902 2988 novo
922 2927 1002 2987 fictili
1025 2937 1129 3006 operta

129 3012 158 3069 in
176 3010 240 3070 sole
257 3009 369 3071 subdita
389 3028 462 3088 aqua
474 3010 596 3070 ferventi
608 3011 741 3089 liquatur,
760 3020 950 3090 saccatusque
965 3010 1051 3071 lineis
1064 3031 1128 3072 sac-

131 3097 174 3156 cis
196 3104 225 3155 et
248 3096 276 3153 in
298 3095 377 3154 fictili
400 3111 475 3154 novo
496 3094 644 3172 repositus
665 3097 732 3155 loco
753 3094 860 3172 frigido
877 3096 969 3155 minus
985 3096 1130 3174 putrescit

129 3179 226 3240 addito
243 3178 339 3240 melle.
369 3179 489 3239 Munium
505 3178 576 3237 cinis
594 3195 656 3237 cum
672 3178 758 3238 melle
774 3180 925 3240 instillatus
941 3188 989 3240 aut
1003 3196 1068 3239 cunr
1080 3193 1161 3239 ruat

54 3256 61 3270 '
130 3282 218 3325 saceo
234 3263 373 3324 decoctus
390 3263 499 3322 aurium
516 3260 635 3320 dolores
652 3262 743 3322 sedat.
781 3264 805 3322 si
825 3263 942 3340 aliquod
964 3262 1068 3324 animal
1087 3263 1127 3323 iu·

129 3350 258 3426 traverit,
274 3348 462 3427 praecipuum
476 3343 633 3405 remedium
649 3356 694 3406 est
708 3348 826 3406 murium
842 3346 883 3406 fel
900 3354 985 3407 aceto
996 3345 1126 3422 dilutum,

89 3441 139 3495 135
151 3433 175 3491 si
193 3449 265 3510 aqua
283 3432 448 3506 intraverit,
467 3428 551 3508 adips
566 3431 715 3491 anserinus
730 3449 793 3490 cum
809 3449 902 3511 cepae
919 3447 1001 3491 suco.
1040 3428 1127 3491 Gliris
