2400 3840
133 179 195 245 288
484 193 514 240 c.
529 194 626 240 amru
642 192 792 242 aucupor

131 352 160 408 in
178 364 290 407 oceano
307 345 343 407 ad
356 346 453 407 locum
469 348 665 409 Mauretaniae
681 348 727 424 qui
744 345 830 406 Cotte
845 352 975 421 vocetur,
990 361 1049 404 non
1065 363 1132 424 pro·

133 432 179 491 cul
193 431 265 491 Lixo
279 430 404 491 flumine.
425 430 500 491 idem
515 431 662 508 lolligines
678 430 796 490 evolare
810 448 847 489 ex
863 446 937 508 aqua
951 428 1037 488 tradit
1055 438 1133 490 tanta

130 515 309 575 multitudine
325 522 356 573 ut
375 516 488 592 navigia
506 515 685 592 demergant.

89 611 123 666 16
198 599 261 677 (7.)
282 597 306 656 E
319 616 404 657 manu
414 608 571 658 vescuntur
582 600 679 676 pisces
692 599 720 657 in
731 597 860 677 pluribus
873 590 987 676 quidem
995 594 1132 656 Caesaris

129 683 222 758 villis,
238 681 306 758 sed',
329 699 403 760 quae
425 691 542 742 veteres
558 681 714 760 prodidere
732 683 761 740 in
779 682 905 757 stagnis,
926 698 984 741 uon
998 681 1157 759 piscinis,s

130 766 270 842 admirati,
282 768 311 824 in
320 763 411 824 Eloro
421 765 538 824 Siciliae
554 765 687 840 castello,
701 781 760 823 non
775 763 878 843 procul
886 764 1050 840 Syracusis,
1062 766 1131 824 item

128 851 156 909 in
171 847 334 924 Labrayndi
350 849 432 909 Iovia
453 848 534 908 fonte
548 881 591 894 —-
615 849 759 925 anguillae
775 858 804 908 et
823 849 930 908 inauris
951 846 1063 908 additas
1080 865 1131 924 ge·

129 942 261 1008 runt—,
278 931 408 990 similiter
424 933 451 990 in
469 930 542 991 chio
560 935 638 991 iuxta
650 933 756 991 Senum
772 931 932 1008 delubrum,
947 932 976 990 in
991 931 1131 1010 lilesopo·
1152 970 1154 976 -

87 1016 259 1077 n‚rrtamiae
277 1031 392 1093 quoque
409 1015 489 1075 ionte
506 1013 638 1075 Chabura
657 1016 693 1075 de
708 1033 766 1095 quo
784 1016 916 1075 diximus.

88 1108 120 1163 17
194 1096 256 1178 (8.)
278 1098 393 1158 Narnia
408 1099 495 1174 Lycia
513 1099 603 1174 Illyris
617 1102 646 1157 in
661 1100 741 1159 ionte
754 1099 900 1178 Apollinis
915 1115 1000 1177 quem
1014 1094 1162 1159 Curiumro

129 1181 278 1261 appellant
295 1191 340 1241 ter
357 1182 451 1242 listula
462 1185 559 1243 vocati
574 1183 691 1243 veniunt
703 1182 738 1243 ad
755 1183 912 1260 augurium.
937 1181 1066 1260 diripere
1078 1201 1131 1243 eos

33 1271 37 1275 '
129 1266 225 1325 carnis
241 1265 369 1325 abiectas
387 1265 493 1326 laetum
511 1274 557 1327 est
572 1265 815 1343 consultantibus,
840 1263 938 1325 caudis
953 1263 1078 1341 abigere
1091 1267 1131 1326 di-

128 1368 200 1409 rum.
232 1348 383 1429 Hieropoli
402 1350 503 1425 Syriae
527 1350 556 1408 in
577 1349 642 1409 lacu
664 1349 789 1409 Veneris
809 1349 986 1408 aedituorum
1006 1350 1131 1410 vocibus

128 1442 232 1513 parent
246 1433 359 1508 vocati,
385 1435 502 1494 veniunt
520 1433 652 1492 exornati
668 1450 756 1509 auro,
780 1431 930 1492 adulantes
951 1431 1131 1512 scalpuntur,

129 1534 180 1577 ora
202 1516 308 1578 hiantia
322 1518 463 1577 manibus
482 1517 644 1576 inserendis
662 1516 812 1596 praebent.
842 1517 870 1575 in
889 1514 1026 1576 Stabiano
1047 1515 1131 1578 Cam·
1140 1531 1161 1573 o

128 1602 231 1680 panias
247 1601 283 1660 ad
297 1600 431 1661 Herculis
448 1610 558 1678 petram
575 1600 714 1660 melanuri
730 1599 844 1659 inmari
862 1616 966 1677 panem
984 1598 1131 1661 abiectum

128 1685 254 1762 rapiunt,
269 1683 355 1742 iidem
372 1684 407 1743 ad
425 1683 531 1743 nullum
547 1683 639 1743 cibum
655 1686 753 1762 inquo
768 1683 867 1744 hamus
883 1684 920 1743 sit
934 1682 1088 1743 accedunt.

85 1777 120 1831 18
193 1765 256 1844 (9.)
279 1764 343 1825 Neo
362 1766 413 1825 illa
429 1767 457 1824 in
471 1767 635 1826 novissimis
661 1769 749 1843 mira,
767 1783 880 1827 amaros
900 1783 969 1825 esse
984 1765 1077 1844 piscis
1096 1767 1132 1827 ad

127 1847 218 1908 Pelen
233 1848 352 1916 insulam
371 1857 400 1908 et
415 1847 451 1909 ad
463 1847 664 1925 Clazomenas,
681 1860 783 1911 eontra
800 1849 950 1928 scopulum
959 1849 1081 1909 Siciliae
1096 1868 1131 1910 ac

126 1933 239 2011 Leptim
246 1931 366 1993 Africae
378 1932 563 1993 etEuboeam
576 1933 811 2009 etDurrachium,
826 1951 925 1993 rursus
939 1933 978 1992 ita
990 1932 1088 1994 salsos
1099 1942 1130 1993 ut
1139 1951 1162 1993 ao

127 2017 240 2096 possint
255 2015 428 2078 salsamenta
440 2018 595 2077 existimari
608 2018 685 2077 eirca
699 2015 914 2097 Cephallaniam
932 2023 961 2075 et
972 2015 1131 2095 Ampelon,

84 2112 118 2166 19
130 2100 225 2160 Paron
243 2108 273 2160 et
286 2100 353 2161 Deli
370 2111 479 2178 petras,
498 2101 626 2179 inportu
643 2101 771 2160 eiusdem
785 2099 897 2160 insulae
913 2098 1017 2159 dulcis.
1045 2117 1131 2179 quam

127 2183 317 2243 differentiam
335 2183 443 2261 pabulo
462 2193 595 2244 constare
614 2202 671 2244 non
689 2193 733 2243 est
748 2183 871 2243 dubium.
897 2182 1131 2261 Apionpiscium

126 2284 286 2326 maxumum
309 2284 376 2325 esse
396 2266 482 2326 tradit
504 2284 623 2345 porcum
647 2286 730 2346 quern
749 2266 970 2327 Lacedaemonii
992 2267 1130 2345 orthago-

125 2350 231 2409 riscum
247 2356 365 2426 vocent,
380 2349 517 2426 grunnire
535 2367 609 2427 eum,
631 2369 694 2411 oum
711 2354 849 2429 capiatur.
874 2366 1032 2410 assevero
1049 2351 1160 2413 illamat

126 2440 245 2492 naturae
261 2431 449 2493 accidentiam
459 2434 590 2514 —quod
605 2435 696 2513 magis
713 2436 849 2494 miremur
860 2434 946 2494 etiam
957 2465 1001 2480 --
1011 2434 1042 2493 in
1053 2434 1131 2496 locis

126 2515 295 2594 quibusdam
313 2516 447 2595 adposito
463 2527 600 2579 occurret
617 2517 771 2596 exemplo,
794 2517 936 2596 siquidem
954 2516 1129 2581 salsamenta

126 2601 249 2660 omnium
256 2617 403 2678 generum
417 2602 446 2661 iu
459 2601 543 2664 ltalia
558 2602 718 2663 Beneventi
732 2601 815 2662 relioi
830 2609 953 2661 constat.

82 2695 117 2749 20
191 2684 277 2763 (10.)
307 2685 400 2745 Piscis
423 2689 549 2747 marinos
578 2689 607 2746 in
627 2706 680 2747 osu
705 2686 797 2746 luisse
818 2687 950 2764 protinus
971 2701 988 2743 a
1011 2684 1130 2745 condita

123 2765 215 2830 Roma
228 2777 330 2829 auctor
346 2778 390 2829 est
406 2768 523 2830 Cassius
542 2768 671 2847 Hemina,
693 2770 773 2830 euius
790 2769 882 2829 verba
896 2767 933 2828 de
948 2783 987 2826 ea
999 2784 1032 2826 re
1048 2767 1160 2828 sulii-at

126 2851 212 2909 ciam:
237 2849 345 2913 Numa
368 2853 565 2914 coustituit
586 2863 622 2914 ut
641 2855 760 2933 piscis
782 2855 842 2932 qui
858 2852 1129 2930 squamosinon

124 2934 573 3014 esseutnipollucerent,
596 2937 824 3014 parsimonia
840 2942 1070 3009 commentus,
1091 2942 1128 2994 ut

124 3016 297 3077 convivia
321 3016 468 3096 publica
496 3028 533 3078 et
554 3021 696 3098 privata
726 3036 913 3098 cenaeque
941 3017 982 3077 ad
1004 3018 1127 3095 pulvi·

124 3101 224 3161 naria
240 3100 395 3161 facilius
410 3103 766 3181 conpararentur‚ni
784 3103 841 3180 qui
859 3102 900 3161 ad
915 3099 1127 3180 polluctum

124 3193 287 3244 emerent
308 3184 428 3263 pretio
448 3187 565 3244 miuus
588 3194 784 3264 parcerent
801 3203 916 3263 eaque
935 3202 1159 3263 promer-at

124 3276 307 3328 darentur.

79 3358 113 3413 al
183 3350 267 3429 (11.)
291 3349 432 3425 Quantum
453 3350 528 3429 apud
551 3369 605 3411 nos
619 3351 726 3413 lndiois
741 3352 904 3430 margaritis
928 3351 1052 3430 pretium
1069 3359 1125 3430 est,

80 3451 98 3493 ν,
107 3433 231 3497 ¹⁰⁴·n.de
245 3435 308 3512 quis
320 3451 372 3495 suo
382 3434 451 3494 loco
464 3436 535 3495 satis
548 3435 679 3514 diximus,
694 3444 800 3497 tantum
812 3435 887 3516 apud
898 3434 987 3496 ludos
1000 3435 1125 3498 amulio.
1193 3480 1196 3485 -
