2400 3840
315 175 395 224 unu.
410 175 500 223 nuso.
517 175 615 223 xxsx.
631 173 658 226 4.
676 163 824 244 (tt-so.)
992 165 1055 230 223

63 331 139 392 enim
150 331 198 392 hic
207 330 310 408 plenus
322 329 470 406 lentigine,
482 330 614 391 stridoris
626 329 735 406 acerbi,
749 331 819 391 ct**
831 332 967 409 vescitur,
979 351 1054 411 quae

63 416 156 475 omnia
172 433 189 475 a
204 414 310 473 nostris
327 411 497 472 stelionibus
512 413 606 473 aliena
621 422 695 472 sunt.

126 498 209 576 (29.)
231 495 354 557 Prodest
367 504 397 555 at
412 495 581 573 gallinarum
596 497 652 556 limi
668 497 739 556 cinis
755 497 897 575 inlinitus,
916 501 1051 563 draconis
1062 513 1091 569 91

61 582 154 657 iecur,
168 581 276 641 lacerta
288 577 408 655 divolsa,
422 596 484 639 mus
499 579 639 656 divolsus,
655 581 773 658 scorpio
789 582 853 660 ipse
864 600 933 644 suae
946 586 1051 664 plagae
1158 572 1163 583 ’

36 687 49 726 s
61 664 203 742 inpositus
218 671 267 722 aut
280 679 363 722 assos
376 665 405 722 in
421 662 487 723 cibo
506 672 634 742 sumptos
646 673 694 725 aut
709 672 796 742 potus
810 665 840 724 in
853 669 925 727 meri
939 669 1050 743 cyathis

62 746 184 807 duobus.
214 747 362 826 proprium
383 756 428 807 est
447 748 632 824 scorpionum
651 747 730 825 quod
743 766 843 808 manus
856 751 979 829 palmam
993 768 1051 813 non

62 831 166 890 feriunt
180 847 237 889 uec
251 831 305 890 nisi
320 830 414 908 pilosa
428 831 581 907 attingere.
602 830 718 908 lapillus
733 831 949 912 qualiscumque
964 834 1000 894 ab
1016 851 1052 895 ea

62 921 145 990 parte
164 931 220 991 qua
234 915 354 974 interra
369 923 432 973 crat
446 915 588 992 inpositus
603 914 709 991 plagae
729 913 808 975 levat
825 915 966 994 dolorem,
984 920 1052 977 item

61 1005 136 1055 testa
150 1006 227 1058 terra
243 1006 346 1076 operta
361 996 505 1074 exaliqua
521 1005 604 1074 parte
619 998 695 1056 sicut
709 1007 770 1057 erat
785 999 910 1078 inposita
926 1000 1051 1062 liberare

25 1079 175 1156 rodicitur,
189 1114 232 1127 -
249 1097 306 1139 non
326 1079 433 1140 debent
446 1081 596 1156 respicere
613 1081 660 1157 qui
675 1081 814 1158 inponunt
835 1092 863 1142 et
886 1102 991 1144 cavere
1014 1101 1051 1142 no

61 1161 107 1223 sol
123 1163 271 1242 adspiciat,
286 1195 329 1208 -
343 1180 457 1222 vermes
473 1163 580 1221 terreni
600 1164 657 1221 triti
676 1164 803 1239 inpositi.
834 1165 922 1226 Multa
942 1177 973 1226 et
992 1167 1093 1231 aliam

62 1264 99 1305 ex
112 1244 156 1305 his
171 1245 298 1305 remedia
313 1253 378 1304 sunt
392 1253 513 1322 proptor
527 1262 601 1322 quae
616 1247 644 1303 in
659 1245 747 1304 molle
763 1256 922 1308 servantur.
946 1260 1050 1309 noctua

60 1327 163 1405 apibus
184 1330 328 1388 contraria
357 1335 387 1388 et
407 1328 507 1404 vespis
529 1327 775 1405 crabronibusque
805 1337 834 1388 et
857 1333 1050 1408 sanguisugis,

61 1413 119 1488 plci
135 1428 251 1489 quoque
265 1409 359 1470 Martii
376 1418 500 1470 rostrum
519 1426 617 1469 secum
633 1409 776 1470 habentes
786 1427 844 1470 non
858 1412 999 1473 feriuntur
1015 1413 1050 1473 ab

25 1495 106 1557 rsiis.
140 1493 329 1553 adversantur
351 1501 379 1552 et
400 1492 576 1553 locustarum
599 1495 739 1553 minumae
758 1496 819 1553 sine
842 1496 951 1575 pionis,
977 1513 1051 1574 quos

61 1576 206 1637 attelebos
221 1584 336 1637 vocant.
372 1575 425 1636 Est
442 1584 471 1635 et
485 1575 666 1637 formicarum
680 1594 773 1654 genus
787 1587 973 1654 venenatum,
994 1596 1051 1639 uon

60 1661 124 1722 lere
145 1663 174 1720 in
192 1659 284 1720 ltalia.
313 1659 464 1739 solipugas
479 1657 585 1720 cicero
601 1660 745 1739 appellat,
768 1661 903 1740 salpugas
923 1663 1050 1739 Baetica,

60 1745 105 1804 his
119 1744 338 1822 vespertilionis
353 1760 405 1804 cor
422 1745 595 1805 contrarium
610 1744 799 1825 omnibusque
813 1746 959 1822 formicis,
977 1747 1050 1806 sala·

59 1827 184 1887 mandris
201 1827 380 1888 cantharidas
394 1828 515 1889 diximus
529 1830 677 1889 resistere.
1059 1848 1083 1882 rs

23 1929 51 1971 ao
123 1909 207 1990 (30.)
230 1911 288 1971 Sed
302 1912 331 1971 in
348 1911 393 1971 his
410 1928 512 1989 magna
528 1913 674 1990 quaestio,
690 1915 822 1991 quoniam
837 1914 918 1992 ipsae
937 1928 1047 1972 venena
1059 1922 1094 1976 93

61 2003 126 2053 sunt
139 2003 226 2071 potae
244 1996 361 2054 vesicae
375 2012 438 2054 cunr
457 1996 584 2054 cruciatu
598 1996 767 2075 praecipuo.
798 1993 949 2055 cossinum
970 1995 1048 2070 equi·

59 2085 117 2136 tem
127 2077 285 2137 Romanum
297 2075 549 2137 amicitiaNeronis
559 2078 696 2156 principis
707 2088 814 2154 notum,
828 2096 890 2138 cum
901 2079 927 2137 is
936 2076 1051 2136 lichene

60 2168 217 2238 conseptus
232 2168 330 2237 essct,
344 2168 466 2220 vocatus
480 2160 619 2239 Aegypto
635 2159 763 2222 medicos
779 2161 816 2221 ob
831 2161 905 2222 hanc
919 2159 1050 2220 valitudi-

59 2259 124 2302 nem
140 2245 202 2303 eius
215 2260 232 2302 u
245 2241 384 2320 Caesare,
404 2261 470 2303 cum
484 2242 678 2304 cantharidum
693 2254 791 2323 potum
806 2261 983 2324 praeparare
998 2259 1049 2303 vo-

21 2325 180 2402 soluisset,
200 2328 352 2387 interemit.
383 2344 482 2386 verum
502 2327 596 2387 inlitas
621 2328 764 2406 prodesse
785 2345 842 2389 oon
863 2327 978 2388 dubium
1005 2335 1050 2387 est

60 2425 123 2467 cum
144 2426 214 2470 suco
236 2410 367 2470 taminiae
384 2427 456 2470 uvae
478 2416 508 2470 et
529 2410 601 2469 sebo
624 2413 688 2472 ovis
701 2411 750 2471 vel
770 2429 887 2489 caprae.
918 2409 1093 2487 Ipsarumitl

60 2489 254 2551 cantharidum
268 2507 411 2551 venenum
428 2493 458 2549 in
475 2509 531 2570 qua
544 2500 626 2568 parte
647 2493 757 2552 sitnon
774 2501 887 2553 constat
905 2492 980 2551 inter
1001 2508 1048 2552 au·

59 2583 166 2633 ctoros,
196 2574 243 2633 alii
260 2575 289 2632 in
303 2572 426 2652 pedibus
441 2582 472 2632 et
486 2575 581 2652 capite
596 2574 759 2634 existimant
776 2593 853 2651 esse,
869 2575 918 2633 alii
931 2584 1048 2650 negant.

59 2656 195 2715 convenit
210 2664 316 2715 tantum
333 2657 435 2734 pinnas
453 2673 550 2715 earum
566 2657 711 2731 auxiliari,
726 2658 755 2716 lu
773 2673 952 2735 quacumque
967 2666 1050 2733 parte

21 2762 48 2805 so
58 2740 95 2799 sit
109 2755 259 2797 venenum.
297 2740 380 2816 ipsae
394 2747 547 2800 nascuntur
562 2757 600 2798 ex
616 2740 788 2816 vermiculo,
802 2741 831 2799 iu
846 2756 977 2818 spongea
991 2755 1049 2799 ma·

56 2839 142 2883 xuma
158 2820 330 2896 cynorrhodi
347 2838 421 2900 quae
435 2823 467 2882 ot
486 2824 515 2881 in
530 2822 629 2900 caule,
651 2822 704 2884 scd
721 2822 924 2883 fecundissime
945 2824 973 2881 in
993 2822 1049 2883 lra-

56 2905 140 2982 xino,
158 2913 276 2965 caterae
296 2906 325 2966 in
346 2905 411 2967 alba
435 2923 518 2982 rosa,
537 2908 628 2967 minos
649 2907 798 2968 efficaces.
829 2907 1047 2986 potentissimae

56 2992 133 3048 inter
154 2991 246 3049 omnis
264 2991 381 3066 variae,
404 2991 490 3050 luteis
505 2990 581 3051 liniis
599 3009 670 3071 quas
686 2993 714 3051 io
729 2993 822 3069 pinnis
836 3000 983 3052 traversas
997 2989 1047 3049 ha-

57 3071 137 3147 bent,
153 3072 269 3142 multum
285 3075 420 3153 pingues,
438 3075 592 3135 inertiores
608 3076 742 3151 minutae,
759 3076 844 3152 latae,
865 3075 989 3154 pilosae,
1007 3073 1046 3131 in·

19 3177 47 3220 as
59 3155 224 3216 utilissimae
239 3172 311 3215 vero
333 3158 415 3216 unius
432 3157 542 3216 coloris
562 3175 688 3219 macrae.
716 3157 881 3222 Condantur
901 3159 929 3217 io
951 3155 1043 3216 colice
1055 3163 1089 3219 95

58 3237 138 3299 lictili
154 3256 212 3298 noo
228 3239 325 3317 picato
342 3247 372 3298 et
386 3238 475 3300 linteo
492 3239 656 3319 conligoto,
674 3248 826 3301 contectae
841 3257 909 3300 roso
926 3248 1046 3314 matura,

58 3329 88 3380 et
102 3321 315 3401 suspenduntur
330 3339 419 3400 super
439 3330 551 3382 acetum
573 3340 637 3382 oum
655 3323 718 3383 sale
740 3323 856 3383 fervens
877 3322 972 3383 donec
992 3338 1046 3399 per

56 3403 205 3464 linteolum
218 3413 405 3484 vaporentur,
422 3414 524 3483 postca
540 3415 725 3484 reponuntur.
753 3406 797 3466 vis
813 3423 908 3465 earum
923 3406 1047 3465 adurere
