2400 3840
149 182 209 244 134
482 188 789 241 neumasensium

147 353 250 427 ligura,
266 366 366 409 semen
383 350 537 427 papaveris
555 348 641 425 nigri
671 364 774 408 comae
788 351 873 409 tritae
890 348 1055 425 sanguineo
1070 366 1147 411 suco

146 442 268 495 manant.
299 433 373 493 odor
389 434 433 492 eis
447 434 606 493 resinosus.
638 433 765 510 gignitur
786 435 815 492 in
830 433 938 509 vineis,
959 431 1026 492 iere
1046 434 1145 494 madio

103 527 283 585 meorumue
299 516 433 578 effoditur
444 516 695 596 suspenditmque.
722 534 790 576 usus
805 516 841 576 ad
854 515 1035 594 purgandam
1048 517 1147 578 alvom

145 613 248 663 tunsae
271 620 334 661 cum
363 603 472 660 semine
492 610 639 679 potaeque
661 603 799 660 matutino
820 596 912 660 rel'a
934 616 1007 660 cene
1030 600 1147 662 duehns

146 686 290 747 drachmis
306 687 335 744 in
357 702 430 763 aqua
444 685 535 745 mulsa
548 684 597 744 rel
610 685 677 743 vino
694 683 742 743 vel
758 701 831 764 aqua
847 701 935 762 pura,
956 685 1088 763 potionis
1101 695 1167 746 to·s

146 772 202 831 tius
217 772 358 831 sextario.
398 767 484 827 trahit
499 767 606 845 bilem,
630 764 751 846 prodest
770 768 893 829 ischiadi
913 784 1064 847 maxume,
1091 770 1146 832 sed

146 863 265 934 postera
285 852 332 912 die
354 854 489 929 capparis
508 852 636 911 radicem
660 854 776 913 resinae
796 854 968 933 permixtam
997 853 1146 916 devorare

145 934 580 1080 ltl¹lilii⁰¹¹t³⁰d⁰⁰liiss
594 936 1084 1081 ildiiiiddldilitli
1097 957 1146 1082 ti·

145 1102 235 1180 here,
250 1036 426 1164 infirmiore}
438 1037 549 1182 aqoeuaam.
578 1039 736 1183 inponiturp
745 1113 775 1164 et
790 1105 930 1184 podagris
951 1113 982 1163 et
1001 1104 1144 1168 amhustis
1154 1124 1176 1166 rs

148 1197 177 1247 et
191 1187 360 1249 volueribus
376 1186 516 1248 cohibens
531 1191 709 1264 sanguinem.

103 1280 139 1336 28
213 1272 298 1351 (ll.)
319 1270 474 1333 Ambrosia
496 1274 563 1350 vagi
578 1273 699 1332 nominis
723 1281 753 1333 et
768 1273 846 1332 circa
869 1271 943 1332 alias
965 1271 1077 1335 herhas
1092 1275 1145 1336 ilu-

146 1358 233 1418 ctuati
249 1374 332 1417 uuam
348 1355 437 1417 habet
451 1366 570 1433 certam,
587 1356 718 1433 densam,
733 1373 892 1432 ramosam,
909 1364 1043 1434 tenuem,
1060 1360 1146 1419 trium

144 1441 208 1502 iere
221 1441 391 1520 palmorum,
409 1442 492 1501 tertia
503 1451 585 1520 parte
602 1439 858 1517 radicsbreriore,
874 1440 954 1502 loliis
964 1450 1049 1501 rutae
1065 1444 1145 1503 circa

145 1526 231 1584 imum
243 1525 363 1584 caulem.
388 1525 417 1582 in
427 1525 544 1584 ramulis
556 1542 655 1585 semen
663 1533 709 1583 est
718 1525 783 1585 uvis
796 1523 1038 1602 dependentibus,
1050 1527 1145 1587 odore
1153 1546 1175 1590 u

144 1610 263 1683 vinoso,
287 1625 342 1685 qna
358 1607 394 1666 de
411 1625 498 1666 causa
513 1607 615 1683 botrys
638 1627 654 1668 a
671 1608 839 1686 quibusdam
860 1617 998 1684 vocatur,
1018 1608 1057 1669 ab
1082 1611 1146 1670 aliis

144 1691 309 1750 Artemisia.
334 1698 509 1750 coronantur
520 1691 570 1750 illa
583 1689 786 1770 Cappadoces.
805 1710 875 1751 usus
888 1693 951 1751 eius
965 1691 1002 1751 ad
1017 1710 1054 1753 ea
1069 1711 1144 1772 quae

144 1773 248 1834 discuti
265 1791 338 1852 opus
353 1775 399 1833 sit.

102 1866 137 1922 29
212 1857 240 1936 (i
249 1857 295 1937 2.)
317 1857 442 1917 Ananim
458 1857 571 1936 quidam
587 1858 711 1919 ononida
728 1859 835 1918 malunt
849 1876 969 1935 vocare,
985 1877 1142 1939 ramosam,

144 1941 266 2003 similem
278 1942 347 2002 ieno
355 1940 479 2018 Graeco,
489 1943 544 2002 nisi
556 1942 722 2003 fruticosior
733 1941 927 2022 hirsutiorque
940 1951 1030 2021 esset,
1047 1945 1142 2005 odore
1151 1966 1175 2009 aa

143 2026 277 2102 iucunda,
295 2035 363 2106 post
376 2044 429 2085 ver
444 2028 572 2105 spinosa.
590 2034 669 2086 estur
684 2029 768 2085 etiam
783 2028 872 2086 muria
886 2025 1019 2103 condita,
1034 2044 1144 2088 recens

144 2128 216 2170 vero
231 2112 377 2187 margines
389 2110 518 2170 ulcerum
533 2110 636 2169 erodit.
664 2109 748 2169 radix
759 2109 932 2188 decoquitur
942 2112 971 2169 iu
985 2127 1080 2189 posca
1092 2112 1143 2172 do-

145 2192 351 2252 inridentium.
389 2192 490 2252 eadem
511 2211 573 2253 cum
593 2192 681 2253 melle
696 2203 765 2271 pota
782 2192 913 2253 calculos
930 2193 1023 2271 pellit.
1053 2199 1143 2256 comi·

144 2275 261 2334 tialihns
275 2275 358 2336 datur
372 2277 400 2335 iu
416 2276 572 2351 namuelite
589 2277 714 2336 decocta
730 2276 766 2336 ad
782 2276 921 2337 dimidias.

100 2368 137 2424 30
212 2358 295 2438 (13.)
311 2360 476 2437 anagyros,
489 2378 573 2439 quam
585 2361 673 2439 aliqui
688 2358 1142 2443 acoponvocant,fruticosnest,
1152 2382 1177 2426 as

144 2444 243 2521 gravis
259 2443 360 2521 odore,
378 2443 453 2504 dore
468 2444 573 2523 oleris,
597 2462 696 2504 semen
711 2445 740 2503 in
757 2444 912 2527 corniculis
930 2461 987 2503 non
1002 2444 1144 2508 brevibus

143 2529 247 2606 giguit,
264 2528 357 2588 simile
371 2528 504 2606 renibus,
525 2529 604 2608 quod
626 2529 753 2588 durescit
769 2545 823 2607 per
837 2530 952 2587 messis.
987 2528 1059 2589 lolia
1081 2532 1144 2591 ool·

142 2611 316 2672 lectionibus
342 2614 517 2692 inponuntur
539 2612 751 2691 difficulterque
777 2611 954 2691 parientibus
981 2611 1144 2690 adalligan-

143 2704 189 2755 tur
206 2698 245 2754 ita
267 2706 328 2756 uta
354 2706 437 2775 partu
452 2699 545 2756 statim
562 2696 736 2757 auferantur.
766 2695 845 2773 quod
865 2697 889 2754 si
912 2703 1058 2755 emortuus
1072 2694 1143 2758 hae-

143 2786 207 2836 reat
223 2787 251 2836 et
268 2779 413 2839 secundae
427 2797 602 2857 mensesque
615 2787 778 2855 morentur,
800 2778 935 2838 drachma
955 2778 1092 2838 bibuntur
1112 2782 1178 2840 iuro

145 2876 233 2938 passo
248 2860 328 2921 ioiia.
362 2864 405 2921 sic
426 2870 455 2921 et
470 2862 636 2940 suspiriosis
655 2862 775 2938 dantur,
799 2871 829 2921 et
850 2863 879 2921 in
898 2863 965 2920 vino
984 2871 1088 2922 vetere
1106 2864 1143 2924 ad

145 2942 364 3022 phalangiorum
385 2961 507 3003 morsus.
543 2943 625 3005 radix
650 2945 836 3005 discutiendis
864 2945 1142 3025 concoquendisque

144 3025 306 3104 adhibetur,
322 3044 421 3087 semen
436 3027 690 3088 conmanducatum
704 3030 876 3111 vomitiones
890 3029 969 3089 facit.

102 3123 136 3178 31
209 3109 292 3191 (14.)
313 3110 483 3187 Anonymos
500 3129 557 3172 non
577 3113 749 3172 inveniendo
770 3130 875 3172 nomeu
895 3113 1012 3172 invenit.
1044 3113 1141 3174 adier-

143 3205 189 3254 tur
213 3212 229 3253 e
245 3193 374 3272 Scythia,
392 3194 540 3257 celebrata
554 3195 672 3258 Hicesio
684 3214 742 3258 non
758 3214 867 3277 parvae
884 3197 1064 3257 auctoritatis
1080 3214 1175 3260 mets

144 3279 224 3355 dico,
250 3280 319 3338 item
340 3278 550 3359 Aristogitoni,
576 3282 604 3340 iu
623 3280 791 3342 volueribus
812 3280 981 3359 praeclara,
1005 3297 1043 3340 ex
1064 3298 1141 3360 aqua

142 3370 226 3423 tunsa
242 3362 382 3441 inposita,
404 3372 473 3442 pota
492 3383 563 3424 sero
579 3367 705 3425 mammis
723 3363 960 3444 praecordiisque
979 3366 1140 3442 percussis,

143 3446 210 3505 item
227 3448 393 3525 sauguinem
412 3448 639 3510 exscreantihus.
669 3457 810 3528 putavere
826 3457 855 3508 et
869 3446 1023 3507 bibendam
1037 3447 1141 3508 volne-
