2400 3840
123 176 166 240 58
468 189 499 263 c,
514 187 775 259 rcrnrsucunnr
847 246 853 257 ⁴

127 363 181 405 nae
196 345 347 407 doloribus
361 346 480 425 propria
494 352 548 405 est.
581 343 875 424 chamaecyparissos
892 342 984 404 herba
1000 361 1039 403 ex
1049 344 1119 403 vino

127 436 197 506 pota
213 438 313 490 contra
329 447 441 489 venena
458 430 637 507 serpentium
657 431 780 489 omnium
794 430 1037 505 scorpionumque
1055 425 1120 504 pol·

127 511 177 587 let.
209 510 440 591 Ampeloprasos
459 513 489 571 in
511 513 618 572 vinetis
648 515 792 588 nascitur,
817 509 896 572 foliis
913 513 1010 589 porri,
1035 518 1121 582 ructu

90 658 93 671 ἰ
127 597 245 673 μανία,
263 603 364 655 contra
379 595 558 673 serpentium
577 597 651 656 ictus
674 597 786 669 efficax.
818 597 927 654 urinam
951 602 985 654 et·
1002 611 1119 654 menses

95 678 203 757 ''''ciet,
226 679 397 757 eruptiones
412 679 559 755 sanguinis
575 697 630 757 per
648 679 777 757 genitale
791 677 903 739 inhibet
919 686 1018 756 potum
1036 679 1141 755 impu-e

128 764 282 841 situmque.
313 760 395 821 datur
417 769 447 820 et
463 779 479 821 a
499 770 584 840 partu
598 762 766 823 mulieribus
782 771 812 823 et
834 771 934 822 contra
951 762 1029 821 oanis
1043 778 1120 820 mor·

128 864 188 906 sus.
217 863 252 906 ea
279 861 395 922 quoquo
424 861 498 921 quae
524 845 640 922 stachys
663 854 784 907 vocatur
803 847 884 925 porri
906 843 1121 912 similitudinem

129 928 235 1004 habet,
259 926 442 1004 longioribus
464 927 544 989 loliis
570 929 759 1008 pluribusque
779 939 809 990 et
828 928 926 989 odoris
943 926 1056 992 iucundi
1072 943 1120 988 oo·

130 1011 263 1088 lorisque
278 1012 308 1070 in
322 1008 429 1071 luteum
443 1011 579 1072 inclinati.
613 1013 698 1093 pellit
718 1022 871 1076 menstrua.

92 1137 143 1194 liti
188 1174 192 1180 ,
207 1128 291 1206 (87.)
307 1126 509 1208 clinopodium
519 1128 567 1189 alii
581 1129 779 1208 cleopiceton,
793 1127 841 1187 alii
855 1129 1059 1205 zopyrontion,
1071 1126 1120 1187 alii
1132 1130 1157 1172 ¹⁰

135 1212 292 1272 ocimoides
305 1212 462 1291 appellant,
472 1214 602 1291 serpyllo
615 1211 748 1287 similem,
760 1210 949 1286 surculosam,
962 1209 1046 1287 palmi
1058 1209 1122 1270 alti·

89 1314 92 1325 ·
134 1295 250 1372 tudine,
275 1297 305 1355 in
326 1298 472 1374 petrosis,
494 1297 656 1357 orbiculato
685 1295 820 1355 loliorum
843 1293 966 1370 ambito,
991 1296 1123 1371 speciem

130 1379 198 1439 lecti
236 1379 342 1457 pedum
373 1380 572 1458 praebentem.
618 1379 728 1439 bibitur
760 1378 795 1437 ad
830 1377 985 1452 convolsa,
1026 1385 1121 1456 rupta,

132 1464 326 1541 strangurias,
341 1467 519 1543 serpentium
534 1466 608 1523 ictus
629 1467 699 1523 item
717 1462 836 1521 decocta
854 1470 884 1520 et
899 1479 992 1535 sucus.

88 1573 141 1630 138
204 1559 285 1640 (88.)
316 1559 397 1621 Nunc
425 1562 611 1623 subtexemus
622 1561 732 1622 'herbas
755 1558 895 1619 mirabilis
916 1557 1045 1637 quidem,
1067 1558 1120 1631 sed
1131 1560 1155 1602 ¹⁵

112 1706 116 1718 ,Α
131 1646 224 1704 minus
241 1643 349 1720 claras,
371 1644 517 1706 nobilibus
536 1648 566 1705 in
587 1645 739 1723 sequentia
756 1642 901 1702 volumIna
913 1640 1016 1702 dilatis.
1047 1638 1121 1702 Gen·

132 1727 278 1787 tunculum
294 1736 399 1786 vocant
414 1729 508 1788 nostri
520 1771 529 1805 ‚
543 1728 622 1788 loliis
638 1727 673 1787 ad
694 1724 906 1786 similitudinem
929 1727 1031 1802 eapitis
1052 1742 1121 1803 pae-

133 1809 280 1884 nularum,
304 1812 446 1870 iacentem
461 1812 491 1869 in
506 1812 600 1889 arvis,
617 1809 720 1870 Graeci
735 1806 932 1883 clematidem,
949 1810 1064 1886 egregii
1080 1809 1121 1869 el-

132 1897 227 1954 lectus
244 1893 279 1953 ad
293 1893 448 1953 sistendam
462 1893 558 1954 alvom
572 1896 601 1954 in
617 1896 685 1953 vino
708 1899 834 1952 austero.
862 1893 932 1950 item
954 1893 1121 1967 sanguinem

134 1977 211 2036 sistit
228 1977 313 2037 tritus
330 1977 495 2053 oxymelitis
512 1986 561 2037 aut
578 1995 669 2055 aqrrae
686 1973 917 2051 calidaecyathis
930 1976 1055 2052 quinque
1071 1972 1156 2041 de-20'

133 2062 195 2121 nari
213 2061 296 2120 unius
314 2059 460 2139 pondere,
483 2063 526 2121 sio
544 2071 573 2121 et
588 2061 622 2120 ad
638 2058 777 2120 secundas
792 2058 942 2117 mulierum
956 2057 1067 2118 efficax.

92 2169 143 2224 139
205 2158 288 2238 (89.)
312 2157 369 2218 Sed
386 2157 488 2219 Graeci
500 2159 664 2220 clematidas
682 2166 712 2219 et
726 2158 797 2219 alias
809 2157 926 2237 habent,
941 2176 1023 2222 unam
1038 2178 1121 2239 quarn

133 2242 221 2320 aliqui
237 2242 347 2302 aetiten
362 2251 483 2320 vocant,
499 2242 546 2303 alii
561 2243 693 2320 laginen,
710 2241 837 2302 nonnulli
854 2249 970 2304 tenuem
985 2262 1122 2305 scammo-

134 2326 217 2384 niam.
248 2342 343 2385 ramos
361 2324 449 2387 babet
461 2324 622 2404 bipedalis,
641 2325 779 2402 foliosos,
795 2342 853 2386 non
870 2326 1017 2387 dissimilis
1032 2345 1121 2388 scam·
1156 2399 1159 2404 ,

133 2410 259 2480 moniae‚
274 2410 329 2468 nisi
350 2407 428 2488 quod
449 2410 577 2488 nigriora
592 2411 760 2488 minoraque
783 2419 849 2469 sunt
864 2409 943 2470 folia.
975 2413 1157 2472 invenitur²⁵

134 2492 267 2553 invineis
295 2494 438 2571 arvisque.
468 2500 548 2554 estur
568 2503 599 2554 ut
622 2494 685 2554 olus
705 2512 768 2553 cum
786 2493 854 2554 oleo
874 2512 908 2554 ao
923 2493 1000 2572 sale,
1027 2494 1123 2555 alvom

135 2577 202 2635 ciet.
246 2575 354 2637 eadem·
370 2575 554 2653 dysintericis
575 2597 639 2638 cum
660 2577 711 2637 lini
729 2579 839 2637 semine
860 2596 898 2638 ex
912 2579 981 2637 vino
1001 2586 1121 2639 austero

94 2660 146 2731 140
157 2660 303 2722 sorbetur.
319 2659 389 2720 lolia
404 2660 552 2739 epiphoris
570 2663 744 2739 inponuntur
761 2679 824 2722 cum
838 2659 957 2738 polenta
967 2664 1121 2739 supposito

136 2743 192 2802 udo
211 2743 342 2803 linteolo.
378 2751 500 2804 strumus
515 2747 640 2823 inposita
652 2742 688 2803 ad
702 2745 938 2822 suppurationem
950 2744 1121 2823 perducunt,

97 2832 101 2845 ’“
136 2824 240 2885 deinde
263 2828 386 2903 axrrngia
406 2826 517 2887 adiecta
536 2835 698 2907 percurant.
733 2829 802 2888 item
820 2827 1040 2890 haemorrhoida
1058 2839 1156 2888 cumae

138 2908 205 2967 olco
222 2907 317 2984 viridi,
331 2908 491 2986 phthisicos
506 2913 602 2971 iuvant
614 2928 677 2970 curn
690 2909 786 2971 melle.
804 2909 886 2970 lactis
903 2927 1019 2989 quoque
1037 2910 1123 2972 uber·

137 2998 225 3050 tatem
239 2992 347 3051 iaciunt
365 2994 394 3050 in
408 2992 492 3068 cibis,
510 3003 539 3053 et
554 2994 708 3054 infantibus
723 2993 804 3054 inlita
821 2992 955 3072 capillum
965 2994 1062 3071 alunt,
1084 3013 1124 3054 ex

118 3133 120 3138 Α
137 3082 222 3134 aceto
237 3074 381 3134 edentium
397 3092 535 3136 venerem
549 3076 701 3137 stimulant.

97 3182 146 3236 141
211 3171 292 3248 (90.)
322 3169 376 3231 Est
394 3171 449 3231 alia
471 3173 600 3233 clematis
620 3173 768 3251 Aegyptia
786 3178 976 3252 cognomine,
995 3193 1070 3254 quae
1086 3176 1121 3236 ab

137 3254 201 3313 aliis
218 3253 413 3332 daphnoides,
429 3255 464 3315 ab
481 3255 545 3316 aliis
561 3256 776 3334 polygonoides
794 3267 929 3335 vocatur,
949 3259 1023 3319 folio
1038 3259 1122 3335 lauri,
1130 3273 1157 3316 as

141 3336 227 3413 longa
241 3339 411 3415 tenuisque,
428 3338 731 3416 aduersus‘serpentis
747 3347 778 3406 et
792 3342 925 3417 privatim
947 3342 1063 3420 aspidas
1084 3360 1123 3402 ex

136 3420 424 3498 aectopotaeiiioax
458 3419 491 3457 ·'
554 3464 578 3488 ,-
