2400 3840
188 207 268 255 uun.
283 206 372 255 men.
388 197 688 268 xxur.1a(a1.)-
702 205 811 253 xxvn.
828 205 852 256 1.
867 198 923 270 (1.)
994 195 1053 261 129

59 361 119 424 lem
136 361 265 437 trallunt,
291 360 468 436 arsenogoni
487 367 580 420 antem
599 377 701 420 semen
721 361 863 436 geminum
886 379 954 422 esse
975 365 1053 425 testi-

59 445 116 506 bus
134 444 241 506 simile.
411 480 414 486 ·

122 527 207 608 (92.)
228 527 412 590 hlammarum
427 526 504 585 vitiis
515 527 627 586 aizoum
643 526 722 606 quod
738 527 888 604 digitillum
903 528 1097 607 appella-163

58 615 151 673 vimus
165 613 249 676 unioe
265 609 405 670 medetur.
436 610 573 684 erigeron
593 627 630 669 ex
644 627 732 689 passo
746 628 881 673 mammas
892 611 1046 672 obsnio-²⁶·
1063 611 1097 647 ¹⁶⁰

30 715 107 762 eres
124 697 211 772 iacit,
225 691 365 755 sonabam
380 693 409 753 in
423 692 500 753 iarre
516 700 644 752 coetum.¹
668 711 831 771 quaerero
849 704 957 756 mastos
968 713 1054 757 voea-

58 790 105 841 tur
119 779 199 839 inlita
211 777 288 856 pilos
299 792 492 837 mammarum.
517 774 542 835 Ε
559 784 643 853 partu
658 780 836 838 naseentinm
850 778 944 839 aulert
964 785 1054 839 testas

56 863 88 924 in
101 863 178 925 iaoie
198 860 312 940 aliaque
332 860 405 919 eutis
420 860 489 919 vitia
508 858 639 919 emendat
659 863 805 937 gentiana,
826 861 986 940 nymphaea
998 861 1055 922 lle-

56 946 147 1007 raolia
164 944 252 1020 inlita,
273 943 425 1018 oyolamini
442 941 525 1002 radix
542 943 670 1003 maculas
687 947 789 1005 omnis.
815 943 950 1005 Gaealr'ae
965 963 1056 1022 grana

57 1031 145 1089 mixta
168 1045 256 1088 aeras
277 1025 402 1104 liquidae
423 1024 581 1085 extendunt
600 1035 695 1087 onum
715 1029 744 1089 in
763 1028 840 1088 laeie
863 1037 1054 1108 ninguntque,

21 1113 126 1177 sorith
144 1112 238 1171 ornnia
252 1111 332 1170 aoori
347 1107 430 1169 radix
445 1108 588 1169 emendat.

122 1195 207 1274 (93.)
232 1193 375 1272 Capillum
386 1191 555 1267 Lysimacho
570 1191 674 1253 llavom
688 1193 773 1270 iaoit,
796 1194 928 1272 denigrat
942 1195 1032 1272 hyps-
1044 1203 1096 1260 ma

57 1280 165 1353 riorum,
192 1278 270 1355 quod
293 1284 323 1335 et
339 1277 480 1336 corissum
495 1284 633 1353 voantur,
654 1277 722 1336 item
744 1276 855 1354 ophrys
877 1277 1052 1338 denticulato

58 1361 133 1422 oleri
149 1361 260 1438 similis,
272 1360 351 1420 foliis
361 1357 484 1420 dnobus.
509 1359 652 1434 nigritiam
667 1359 714 1420 dat
725 1369 755 1420 et
766 1358 934 1423 Polemonia
944 1361 973 1420 in
985 1361 1053 1421 oleo

59 1445 192 1505 deooota.
224 1443 376 1507 Psilotrum
392 1459 446 1502 uos
464 1441 578 1520 qnidam
593 1444 622 1501 in
636 1442 824 1504 muliebribus
838 1442 1053 1504 medicamentis

21 1537 228 1605 retractamus,
243 1541 343 1588 verrem
357 1528 413 1586 iam
429 1535 459 1586 et
473 1526 544 1585 viris
557 1535 602 1586 est
618 1528 648 1587 in
662 1545 725 1586 usn.
755 1527 988 1597 eilieaoissirnnm
1003 1544 1053 1587 an·

57 1621 116 1671 tem
141 1611 262 1672 habetur
289 1608 489 1685 arohenostis,
520 1610 587 1669 item
610 1610 750 1686 tithymali
771 1628 843 1671 suoo
867 1610 916 1671 vel
937 1610 966 1671 in
988 1609 1053 1670 sole

57 1711 123 1754 oum
139 1695 211 1755 oleo
225 1695 306 1756 inlito
329 1693 436 1755 erebro
457 1692 506 1753 vel
519 1693 630 1755 evolsis
646 1695 725 1774 pilis.
755 1693 977 1773 Quadripetlnm
990 1712 1054 1755 soa·

57 1777 135 1838 biom
149 1788 231 1839 sanat
248 1778 391 1856 hysopum
405 1795 443 1837 ex
453 1776 533 1853 oleo,
549 1795 630 1838 suum
642 1780 762 1856 anginas
778 1778 963 1858 peeuliaritsr
978 1776 1053 1838 sitle-

56 1862 129 1922 ritis.
162 1870 303 1922 resumet
317 1861 429 1939 reliqua
445 1878 555 1938 genera
571 1860 725 1923 herbarum
736 1861 900 1924 reddamus.

482 2146 682 2163 -a-a-p—-n-

345 2404 552 2492 altili
583 2405 812 2499 stobi-ti
835 2400 852 2475 f
961 2413 965 2423 '

165 2574 985 2673 Nl'llllllhlllllllllllllb

404 2752 768 2819 manaxxvu.

121 3021 194 3102 Gap.
216 3025 242 3083 l.
264 3024 360 3104 (seat.
381 3025 426 3103 l.)
457 3023 571 3084 Grsseit
587 3025 721 3103 proiecto
737 3022 814 3103 apuli
834 3042 881 3084 me
898 3033 979 3085 uerte
997 3033 1081 3087 tra-1

56 3114 135 3167 elatu
151 3108 217 3185 ipso
233 3107 380 3168 admiratio
396 3107 586 3186 antiquitatis,
603 3118 767 3188 quantoque
782 3108 874 3169 maior
885 3109 972 3188 eopia
985 3107 1053 3167 ber·

20 3188 156 3253 sebarnm
172 3190 294 3250 alluentia
309 3197 414 3266 restat,
435 3198 516 3249 tanto
530 3192 623 3267 magis
638 3192 760 3253 adorare
777 3193 939 3271 priscorum
961 3193 990 3250 in
1011 3191 1052 3249 in-

57 3274 201 3334 veniendo
218 3290 331 3345 euram,
354 3271 536 3333 intendendo
551 3272 756 3350 benignitatem
772 3273 858 3334 subit.
887 3291 944 3334 neo
964 3272 1051 3334 dubie

55 3366 193 3435 superata
210 3355 267 3416 hoo
282 3355 369 3417 modo
386 3364 490 3433 posset
506 3355 599 3416 videri
613 3359 698 3418 etiam
712 3375 810 3418 rernm
824 3364 944 3416 naturae
958 3357 1050 3434 ipsius

55 3439 260 3518 munificentia,
275 3441 300 3500 si
311 3438 424 3499 hnmani
439 3439 540 3518 operis
555 3451 634 3502 esset
644 3442 782 3501 inventio.
811 3455 973 3498 nuneuaro
988 3437 1098 3493 heo-‘e-

97 3543 167 3584 aare.
187 3542 339 3583 nnr.rr1sr.
361 3526 408 3586 IV.
721 3550 724 3556 ¹
879 3520 905 3578 h
