2400 3840
326 179 842 258 nar.rr1sr.xx1x.s.(ua—ut.)
1013 181 1072 242 221
1175 148 1180 154 ¹

85 351 232 420 tenesmo,
249 343 381 417 iocineri,
400 342 528 419 renibus,
544 343 675 420 vesicae,
692 352 793 404 contra
809 344 967 422 cruditatis,
984 348 1076 424 suspi-

86 429 138 487 ria.
174 428 270 504 itaque
286 425 370 484 etiam
386 424 509 485 faciendi
525 426 587 484 eius
605 435 717 487 exstant
733 435 900 507 praecepta.
927 428 1074 488 ellioaoius
1085 441 1119 495 80

84 512 161 569 enim
177 510 263 588 coqui
279 525 341 568 cum
357 506 439 568 olere
453 511 561 569 marino
579 517 627 568 aut
641 509 727 584 cvhio
748 518 796 569 aut
809 513 926 589 cappari
948 519 995 570 aut
1011 513 1077 590 apio

84 601 134 653 aut
153 591 243 652 herba
263 591 442 668 Mercuriali,
470 591 629 670 polypodio
657 603 704 652 aut
724 601 829 669 aneto,
851 594 1001 655 utilissime
1029 613 1076 655 au·

60 685 145 736 atem
161 676 189 734 in
206 676 316 752 congiis
330 674 421 734 tribus
437 691 530 754 aquae
545 675 581 735 ad
596 676 649 735 tris
661 676 790 736 heminas
805 695 868 737 cum
890 695 977 756 supra
995 677 1077 738 dictis

86 757 184 818 herbis
202 767 231 818 et
252 759 453 835 reirigerutuna
467 757 520 819 sub
543 758 667 818 dindari
690 761 868 838 tempestivis
889 759 1077 821 antecedente

87 841 252 903 vomitione.
287 840 353 902 Non
375 842 539 920 praeteribo
561 843 726 902 miraculum
745 861 914 921 wentanam
934 844 969 904 ad
991 843 1077 903 medi·

89 925 180 984 cinam
200 941 257 985 non
280 927 443 1003 pertinens:
474 927 498 984 si
518 941 587 984 auro
606 925 777 1002 liquescenti
802 928 970 1004 gallinarum
992 944 1078 986 mem·

88 1006 140 1066 bra
155 1010 342 1084 misceantur,
364 1016 531 1068 consumuat
550 1007 578 1066 id
600 1008 628 1066 in
647 1026 689 1068 se.
720 1011 758 1069 ita
781 1009 837 1069 hoc
856 1027 997 1070 venenum
1018 1008 1079 1069 auri

49 1108 78 1158 ¹ao
90 1099 144 1150 est.
174 1101 202 1152 at
213 1091 368 1168 gallinacei
380 1092 437 1168 ipsi
452 1091 560 1150 circulo
576 1092 738 1151 oramentis
754 1092 849 1153 addito
862 1094 890 1152 ln
901 1094 1006 1153 collum
1021 1111 1077 1152 non

89 1184 213 1234 canunt·

151 1256 233 1333 (26.)
256 1256 415 1318 honiliatur
443 1262 543 1314 contra
569 1258 713 1334 serpentis
735 1265 764 1316 et
786 1257 979 1318 columbarum
1006 1268 1118 1322 curottt

88 1355 192 1398 recens
218 1347 375 1416 concerpta
402 1346 432 1398 et
455 1337 644 1415 hirundinum,
672 1338 794 1399 bubonis
821 1340 912 1417 pedes
941 1341 996 1399 neti
1015 1358 1077 1398 cum

89 1419 273 1499 plumbagine
288 1419 388 1480 herba.
419 1419 484 1480 Neo
498 1422 623 1481 omittam
645 1423 673 1481 in
691 1420 746 1481 huc
761 1437 877 1500 quoque
893 1415 961 1482 alite
979 1439 1076 1480 exem·

53 1503 168 1584 asplum
183 1504 313 1580 magicae
335 1504 484 1578 vanitatis,
506 1505 614 1583 quippe
636 1512 752 1583 praeter
773 1504 883 1582 reliqua
911 1512 1085 1584 portentosa·

88 1586 237 1648 mendacia
253 1603 305 1646 cor
320 1586 381 1646 eius
397 1587 550 1665 inpositum
566 1605 703 1647 mammae
716 1588 844 1647 mulieris
859 1587 1026 1647 dormientis
1041 1588 1076 1645 si·

88 1672 196 1730 nistrae
210 1668 323 1730 tradunt
334 1669 454 1730 efficere
469 1679 499 1729 ut
516 1670 610 1731 omnia
625 1679 740 1731 secreta
754 1673 932 1751 pronuntiet,
949 1678 1077 1748 praeter·

90 1772 124 1814 ea
147 1753 175 1810 in
190 1770 315 1831 pugnam
329 1752 448 1813 ierentis
470 1752 500 1813 id
512 1754 595 1813 iortis
609 1755 681 1814 lieri.
715 1754 842 1814 eiusdem
856 1771 913 1814 ovo
934 1754 971 1813 ad
986 1753 1075 1832 oapil·
1086 1762 1120 1816 82

89 1838 146 1897 lum
160 1836 286 1896 remedia
301 1835 505 1898 demonstrant.
529 1839 592 1914 quis
607 1847 712 1915 autem,
725 1855 844 1915 quaeso,
861 1855 946 1897 ovom
956 1835 1078 1896 bubonis

52 1942 81 1990 ¹ao
90 1937 220 1997 umquam
230 1920 327 1979 visere
339 1921 446 1998 potuit,
463 1938 526 1981 cum
538 1922 628 1998 ipsam
641 1938 723 1981 avem
734 1921 839 1980 vidisse
851 1921 1011 2000 prodigium
1023 1916 1078 1977 sit?

91 2005 154 2081 quis
167 2004 264 2079 utique
277 2004 403 2080 experiri
418 2011 448 2062 et
461 2004 617 2080 praecipue
632 2005 660 2061 in
673 2001 801 2080 capillo?
815 2004 953 2078 sanguine
966 2000 1079 2077 quidem

90 2086 161 2165 pulli
176 2085 299 2145 bubonis
317 2086 401 2144 etiam
410 2087 530 2163 crispari
546 2086 680 2164 capillum
692 2087 865 2162 promittunt.
886 2082 975 2143 Cuius
988 2100 1075 2160 gene·
1086 2091 1122 2147 83

91 2170 131 2229 ris
147 2185 241 2247 prope
255 2167 348 2228 videri
362 2170 475 2247 possint
495 2186 568 2246 quae
588 2169 699 2229 tradunt
714 2177 743 2229 et
763 2167 798 2228 de
813 2166 1036 2245 vespertilione,
1054 2167 1079 2225 si

91 2261 136 2312 ter
151 2251 332 2311 circumlatus
348 2251 443 2312 domni
460 2253 543 2312 vivos
559 2270 613 2330 per
626 2253 781 2312 fenestram
796 2252 911 2311 inverso
929 2252 1023 2329 capite
1039 2249 1079 2308 ia-

54 2335 209 2411 auligatur,
231 2335 383 2396 amuletum
403 2353 483 2412 esse,
505 2337 693 2414 privatimque
714 2333 837 2396 ovilibus
861 2335 1080 2412 circumraptum

91 2419 196 2478 totiens
223 2427 251 2478 et
279 2417 401 2495 pedihus
430 2436 601 2495 suspensum
628 2420 656 2476 in
682 2418 877 2495 superlimine.
912 2418 1079 2492 sanguinem

92 2517 207 2578 quoque
222 2502 284 2559 eius
299 2517 362 2559 cum
382 2500 488 2559 carduo
504 2508 603 2559 contra
620 2502 793 2577 serpentium
817 2500 891 2558 ictus
907 2500 980 2557 inter
996 2515 1078 2575 prae·

93 2584 178 2659 cipue
193 2581 317 2641 laudaut.

157 2662 239 2740 (27.)
262 2663 446 2741 Phalangium
464 2672 508 2723 est
524 2663 626 2724 ltaliae
647 2666 774 2741 ignotum
796 2671 824 2722 et
846 2663 966 2740 plurium
987 2671 1123 2737 gene-84

55 2764 171 2810 aarum:
188 2764 271 2805 unum
287 2746 379 2806 simile
394 2747 548 2824 iormicao,
570 2747 622 2807 sed
639 2748 728 2808 multo
751 2746 858 2822 maius,
886 2745 950 2806 rulo
972 2745 1079 2823 capite,

93 2829 204 2907 reliqua
226 2837 308 2908 parte
331 2831 464 2908 corporis
484 2832 581 2908 nigra,
614 2830 688 2890 albis
714 2832 811 2908 guttis.
841 2829 975 2889 acerbior
998 2828 1080 2888 huius

93 2930 177 2992 qnam
193 2930 302 2990 vespae
317 2913 399 2973 ictus.
435 2914 505 2974 vivit
518 2932 648 2974 maxume
666 2915 742 2975 circa
757 2915 856 2976 furnos
875 2921 903 2972 et
918 2913 1020 2972 molas.
1052 2913 1081 2971 in

92 2996 221 3057 remedio
237 3005 292 3073 est,
310 2997 336 3055 si
349 2998 413 3076 quis
426 2997 551 3057 eiusdem
562 3001 679 3076 generis
694 2999 813 3059 alterum
828 3014 968 3078 percusso
985 3004 1079 3056 osten·

94 3080 152 3156 dat,
170 3078 248 3140 etad
263 3079 320 3138 hoc
337 3082 611 3143 servanturmortui.
639 3083 820 3142 inveniuntur
838 3089 868 3141 et
888 3080 1014 3140 cortices
1030 3095 1080 3137 eo·

56 3180 155 3222 aarum
177 3163 226 3240 qui
249 3163 307 3221 triti
327 3171 356 3222 et
370 3165 432 3241 poti
443 3165 607 3240 medentur,
625 3165 764 3225 mustelae
786 3163 887 3240 catuli,
910 3172 939 3221 ut
960 3161 1080 3220 diximus
1093 3179 1116 3213 eo

95 3263 192 3323 supra.
228 3263 320 3324 aeque
343 3245 517 3323 phalangion
540 3246 643 3309 Graeci
664 3256 769 3308 vocant
789 3249 863 3306 inter
885 3262 993 3322 genera
1014 3260 1075 3302 ara·
1089 3251 1122 3305 85

94 3346 221 3404 neorum,
236 3328 289 3388 sed
304 3328 458 3405 distingunt
472 3329 532 3407 lupi
548 3331 670 3390 nomine.
690 3332 804 3391 tertium
815 3345 907 3406 genus
919 3335 964 3386 est
979 3325 1081 3387 eodem

94 3409 229 3488 phalangi
258 3411 371 3471 nomine
398 3428 521 3479 araneus
547 3412 733 3491 lanuginosus
759 3410 947 3490 grandissimo
976 3411 1089 3485 capite,
