<?xml version="1.0" encoding="UTF-8"?>
<!DOCTYPE html PUBLIC "-//W3C//DTD XHTML 1.0 Transitional//EN"
    "http://www.w3.org/TR/xhtml1/DTD/xhtml1-transitional.dtd">
<html xmlns="http://www.w3.org/1999/xhtml" xml:lang="en" lang="en">
 <head>
  <title>
</title>
<meta http-equiv="Content-Type" content="text/html;charset=utf-8" />
  <meta name='ocr-system' content='tesseract 3.04.00' />
  <meta name='ocr-capabilities' content='ocr_page ocr_carea ocr_par ocr_line ocrx_word'/>
</head>
<body>
  <div class='ocr_page' id='page_1' title='image "./cplinisecundina06plingoog_0223.png"; bbox 0 0 2400 3840; ppageno 0'>
   <div class='ocr_carea' id='block_1_1' title="bbox 109 176 752 239">
    <p class='ocr_par' dir='ltr' id='par_1_1' title="bbox 109 176 752 239">
     <span class='ocr_line' id='line_1_1' title="bbox 109 176 752 239; baseline -0.011 0"><span class='ocrx_word' id='word_1_1' title='bbox 109 176 169 239; x_wconf 78' lang='lat'><strong>148</strong></span> <span class='ocrx_word' id='word_1_2' title='bbox 442 186 472 236; x_wconf 92' lang='lat' dir='ltr'><strong>c</strong></span> <span class='ocrx_word' id='word_1_3' title='bbox 481 187 583 238; x_wconf 84' lang='lat' dir='ltr'><strong>rurus</strong></span> <span class='ocrx_word' id='word_1_4' title='bbox 599 184 752 237; x_wconf 82' lang='lat' dir='ltr'><strong>suenum</strong></span> 
     </span>
    </p>
   </div>
   <div class='ocr_carea' id='block_1_2' title="bbox 66 331 1096 423">
    <p class='ocr_par' dir='ltr' id='par_1_2' title="bbox 66 331 1096 423">
     <span class='ocr_line' id='line_1_2' title="bbox 66 331 1096 423; baseline -0.017 -13"><span class='ocrx_word' id='word_1_5' title='bbox 66 354 117 410; x_wconf 81' lang='lat' dir='ltr'><strong>lot</strong></span> <span class='ocrx_word' id='word_1_6' title='bbox 144 343 258 423; x_wconf 84' lang='lat'>(81.)</span> <span class='ocrx_word' id='word_1_7' title='bbox 278 342 428 421; x_wconf 70' lang='lat' dir='ltr'><strong>llyag&#39;ros&#39;</strong></span> <span class='ocrx_word' id='word_1_8' title='bbox 435 341 526 404; x_wconf 88' lang='lat' dir='ltr'><strong>herba</strong></span> <span class='ocrx_word' id='word_1_9' title='bbox 540 340 689 402; x_wconf 81' lang='lat' dir='ltr'><strong>ferulacea</strong></span> <span class='ocrx_word' id='word_1_10' title='bbox 705 347 752 401; x_wconf 88' lang='lat' dir='ltr'><strong>eet</strong></span> <span class='ocrx_word' id='word_1_11' title='bbox 767 337 848 401; x_wconf 85' lang='lat' dir='ltr'><strong>iuliis</strong></span> <span class='ocrx_word' id='word_1_12' title='bbox 861 333 962 398; x_wconf 89' lang='lat' dir='ltr'><strong>similis</strong></span> <span class='ocrx_word' id='word_1_13' title='bbox 982 331 1096 407; x_wconf 86' lang='lat' dir='ltr'><strong>rubiae,</strong></span> 
     </span>
    </p>
   </div>
   <div class='ocr_carea' id='block_1_3' title="bbox 65 417 1136 3508">
    <p class='ocr_par' dir='ltr' id='par_1_3' title="bbox 83 417 1097 674">
     <span class='ocr_line' id='line_1_3' title="bbox 108 417 1097 506; baseline -0.014 -18"><span class='ocrx_word' id='word_1_14' title='bbox 108 427 286 506; x_wconf 90' lang='lat' dir='ltr'><strong>tripedanea</strong></span> <span class='ocrx_word' id='word_1_15' title='bbox 308 444 407 487; x_wconf 85' lang='lat' dir='ltr'><strong>semen</strong></span> <span class='ocrx_word' id='word_1_16' title='bbox 420 427 565 502; x_wconf 77' lang='lat' dir='ltr'><strong>oleosum,</strong></span> <span class='ocrx_word' id='word_1_17' title='bbox 576 424 654 504; x_wconf 86' lang='lat' dir='ltr'><strong>quod</strong></span> <span class='ocrx_word' id='word_1_18' title='bbox 670 433 698 484; x_wconf 89' lang='lat' dir='ltr'><strong>et</strong></span> <span class='ocrx_word' id='word_1_19' title='bbox 714 425 745 484; x_wconf 88' lang='lat' dir='ltr'><strong>dt</strong></span> <span class='ocrx_word' id='word_1_20' title='bbox 759 441 797 484; x_wconf 81' lang='lat' dir='ltr'><strong>ex</strong></span> <span class='ocrx_word' id='word_1_21' title='bbox 816 438 862 482; x_wconf 91' lang='lat' dir='ltr'><strong>eo.</strong></span> <span class='ocrx_word' id='word_1_22' title='bbox 895 417 1025 479; x_wconf 88' lang='lat' dir='ltr'><strong>medetur</strong></span> <span class='ocrx_word' id='word_1_23' title='bbox 1037 417 1097 476; x_wconf 89' lang='lat' dir='ltr'><strong>oris</strong></span> 
     </span>
     <span class='ocr_line' id='line_1_4' title="bbox 107 510 586 590; baseline -0.004 -19"><span class='ocrx_word' id='word_1_24' title='bbox 107 510 253 571; x_wconf 78' lang='lat' dir='ltr'>ulceribus</span> <span class='ocrx_word' id='word_1_25' title='bbox 270 512 418 590; x_wconf 85' lang='lat' dir='ltr'><strong>perunctis</strong></span> <span class='ocrx_word' id='word_1_26' title='bbox 433 511 492 571; x_wconf 91' lang='lat' dir='ltr'><strong>hoc</strong></span> <span class='ocrx_word' id='word_1_27' title='bbox 504 527 586 570; x_wconf 89' lang='lat' dir='ltr'><strong>suco.</strong></span> 
     </span>
     <span class='ocr_line' id='line_1_5' title="bbox 83 587 1098 674; baseline -0.011 -18"><span class='ocrx_word' id='word_1_28' title='bbox 83 614 87 621; x_wconf 94' lang='lat'><em>·</em></span> <span class='ocrx_word' id='word_1_29' title='bbox 159 594 262 674; x_wconf 80' lang='grc'>(’82.)</span> <span class='ocrx_word' id='word_1_30' title='bbox 283 593 380 655; x_wconf 87' lang='lat' dir='ltr'><strong>llerha</strong></span> <span class='ocrx_word' id='word_1_31' title='bbox 396 612 471 674; x_wconf 88' lang='lat' dir='ltr'><strong>qnae</strong></span> <span class='ocrx_word' id='word_1_32' title='bbox 489 603 610 655; x_wconf 83' lang='lat' dir='ltr'><strong>vocatur</strong></span> <span class='ocrx_word' id='word_1_33' title='bbox 624 610 718 670; x_wconf 76' lang='lat' dir='ltr'><strong>nyma,</strong></span> <span class='ocrx_word' id='word_1_34' title='bbox 733 592 824 653; x_wconf 88' lang='lat' dir='ltr'><strong>trihus</strong></span> <span class='ocrx_word' id='word_1_35' title='bbox 841 589 920 651; x_wconf 86' lang='lat' dir='ltr'><strong>loliis</strong></span> <span class='ocrx_word' id='word_1_36' title='bbox 935 587 1065 664; x_wconf 88' lang='lat' dir='ltr'><strong>longis</strong></span> <span class='ocrx_word' id='word_1_37' title='bbox 1056 604 1098 646; x_wconf 91' lang='lat' dir='ltr'><strong>m·</strong></span> 
     </span>
    </p>

    <p class='ocr_par' dir='ltr' id='par_1_4' title="bbox 106 677 1121 755">
     <span class='ocr_line' id='line_1_6' title="bbox 106 677 1121 755; baseline -0.005 -15"><span class='ocrx_word' id='word_1_38' title='bbox 106 678 249 755; x_wconf 88' lang='lat' dir='ltr'><strong>tuhaceis,</strong></span> <span class='ocrx_word' id='word_1_39' title='bbox 264 678 344 738; x_wconf 90' lang='lat' dir='ltr'><strong>inlita</strong></span> <span class='ocrx_word' id='word_1_40' title='bbox 359 679 513 739; x_wconf 72' lang='lat' dir='ltr'><strong>cicatrices</strong></span> <span class='ocrx_word' id='word_1_41' title='bbox 528 677 565 737; x_wconf 90' lang='lat' dir='ltr'><strong>ad</strong></span> <span class='ocrx_word' id='word_1_42' title='bbox 581 677 711 738; x_wconf 88' lang='lat' dir='ltr'><strong>colorem</strong></span> <span class='ocrx_word' id='word_1_43' title='bbox 725 677 848 737; x_wconf 78' lang='lat' dir='ltr'><strong>reducit</strong></span> <span class='ocrx_word' id='word_1_44' title='bbox 1108 684 1121 725; x_wconf 73' lang='grc' dir='ltr'><strong>ι</strong></span> 
     </span>
    </p>

    <p class='ocr_par' dir='ltr' id='par_1_5' title="bbox 65 756 1135 1156">
     <span class='ocr_line' id='line_1_7' title="bbox 65 756 1099 842; baseline -0.013 -16"><span class='ocrx_word' id='word_1_45' title='bbox 65 772 115 828; x_wconf 81' lang='lat' dir='ltr'><strong>not</strong></span> <span class='ocrx_word' id='word_1_46' title='bbox 178 763 263 842; x_wconf 83' lang='lat'>(83)</span> <span class='ocrx_word' id='word_1_47' title='bbox 285 760 388 823; x_wconf 81' lang='lat' dir='ltr'><strong>Natrix</strong></span> <span class='ocrx_word' id='word_1_48' title='bbox 408 770 528 822; x_wconf 85' lang='lat' dir='ltr'><strong>vocatur</strong></span> <span class='ocrx_word' id='word_1_49' title='bbox 553 760 643 822; x_wconf 91' lang='lat' dir='ltr'><strong>herha</strong></span> <span class='ocrx_word' id='word_1_50' title='bbox 667 763 747 821; x_wconf 83' lang='lat' dir='ltr'><strong>cuiue</strong></span> <span class='ocrx_word' id='word_1_51' title='bbox 773 759 856 821; x_wconf 80' lang='lat' dir='ltr'><strong>radix</strong></span> <span class='ocrx_word' id='word_1_52' title='bbox 882 756 984 817; x_wconf 81' lang='lat' dir='ltr'><strong>evolsa</strong></span> <span class='ocrx_word' id='word_1_53' title='bbox 1018 757 1099 815; x_wconf 86' lang='lat' dir='ltr'><strong>virus</strong></span> 
     </span>
     <span class='ocr_line' id='line_1_8' title="bbox 107 840 1100 919; baseline -0.006 -12"><span class='ocrx_word' id='word_1_54' title='bbox 107 847 180 908; x_wconf 88' lang='lat' dir='ltr'><strong>hirci</strong></span> <span class='ocrx_word' id='word_1_55' title='bbox 207 844 362 905; x_wconf 80' lang='lat' dir='ltr'><strong>redolet.</strong></span> <span class='ocrx_word' id='word_1_56' title='bbox 381 845 489 905; x_wconf 84' lang='lat' dir='ltr'><strong>hacun</strong></span> <span class='ocrx_word' id='word_1_57' title='bbox 513 844 636 905; x_wconf 87' lang='lat' dir='ltr'><strong>Piceno</strong></span> <span class='ocrx_word' id='word_1_58' title='bbox 647 845 761 905; x_wconf 82' lang='lat' dir='ltr'><strong>leminis</strong></span> <span class='ocrx_word' id='word_1_59' title='bbox 787 843 907 919; x_wconf 86' lang='lat' dir='ltr'><strong>abigunt</strong></span> <span class='ocrx_word' id='word_1_60' title='bbox 927 856 1001 919; x_wconf 84' lang='lat' dir='ltr'><strong>quos</strong></span> <span class='ocrx_word' id='word_1_61' title='bbox 1027 840 1100 901; x_wconf 85' lang='lat' dir='ltr'><strong>mina</strong></span> 
     </span>
     <span class='ocr_line' id='line_1_9' title="bbox 108 921 1100 1008; baseline -0.007 -18"><span class='ocrx_word' id='word_1_62' title='bbox 108 929 299 1008; x_wconf 79' lang='lat' dir='ltr'><strong>persuasione</strong></span> <span class='ocrx_word' id='word_1_63' title='bbox 319 929 415 991; x_wconf 88' lang='lat' dir='ltr'><strong>iatuos</strong></span> <span class='ocrx_word' id='word_1_64' title='bbox 436 936 558 1005; x_wconf 85' lang='lat' dir='ltr'><strong>vocant,</strong></span> <span class='ocrx_word' id='word_1_65' title='bbox 589 945 647 1006; x_wconf 87' lang='lat' dir='ltr'><strong>ego</strong></span> <span class='ocrx_word' id='word_1_66' title='bbox 670 929 786 1007; x_wconf 88' lang='lat' dir='ltr'><strong>species</strong></span> <span class='ocrx_word' id='word_1_67' title='bbox 808 924 1012 1004; x_wconf 73' lang='lat' dir='ltr'><strong>lymphantium</strong></span> <span class='ocrx_word' id='word_1_68' title='bbox 1040 921 1100 983; x_wconf 88' lang='lat' dir='ltr'><strong>hoc</strong></span> 
     </span>
     <span class='ocr_line' id='line_1_10' title="bbox 107 1007 1098 1090; baseline -0.008 -17"><span class='ocrx_word' id='word_1_69' title='bbox 107 1014 193 1073; x_wconf 92' lang='lat' dir='ltr'><strong>modo</strong></span> <span class='ocrx_word' id='word_1_70' title='bbox 209 1012 367 1072; x_wconf 88' lang='lat' dir='ltr'><strong>animorum</strong></span> <span class='ocrx_word' id='word_1_71' title='bbox 385 1029 453 1072; x_wconf 89' lang='lat' dir='ltr'><strong>esse</strong></span> <span class='ocrx_word' id='word_1_72' title='bbox 471 1012 659 1073; x_wconf 86' lang='lat' dir='ltr'><strong>crediderim</strong></span> <span class='ocrx_word' id='word_1_73' title='bbox 661 1030 735 1090; x_wconf 88' lang='lat' dir='ltr'><strong>quae</strong></span> <span class='ocrx_word' id='word_1_74' title='bbox 757 1011 806 1073; x_wconf 88' lang='lat' dir='ltr'><strong>tali</strong></span> <span class='ocrx_word' id='word_1_75' title='bbox 829 1007 1066 1071; x_wconf 86' lang='lat' dir='ltr'><strong>medicamento</strong></span> <span class='ocrx_word' id='word_1_76' title='bbox 1056 1024 1098 1067; x_wconf 91' lang='lat' dir='ltr'><strong>rn-</strong></span> 
     </span>
     <span class='ocr_line' id='line_1_11' title="bbox 107 1101 1135 1156; baseline -0.002 0"><span class='ocrx_word' id='word_1_77' title='bbox 107 1105 219 1156; x_wconf 85' lang='lat' dir='ltr'><strong>ventur.</strong></span> <span class='ocrx_word' id='word_1_78' title='bbox 1110 1101 1135 1144; x_wconf 87' lang='lat'><strong>¹⁰</strong></span> 
     </span>
    </p>

    <p class='ocr_par' dir='ltr' id='par_1_6' title="bbox 66 1177 1136 1740">
     <span class='ocr_line' id='line_1_12' title="bbox 66 1177 1099 1258; baseline -0.002 -20"><span class='ocrx_word' id='word_1_79' title='bbox 66 1191 120 1245; x_wconf 77' lang='lat'><strong>108</strong></span> <span class='ocrx_word' id='word_1_80' title='bbox 159 1177 261 1258; x_wconf 89' lang='grc'>(84.)</span> <span class='ocrx_word' id='word_1_81' title='bbox 284 1178 449 1240; x_wconf 87' lang='lat' dir='ltr'><strong>Odontitis&#39;</strong></span> <span class='ocrx_word' id='word_1_82' title='bbox 441 1189 516 1240; x_wconf 85' lang='lat' dir='ltr'><strong>mter</strong></span> <span class='ocrx_word' id='word_1_83' title='bbox 538 1181 598 1240; x_wconf 85' lang='lat' dir='ltr'><strong>leni</strong></span> <span class='ocrx_word' id='word_1_84' title='bbox 621 1186 731 1258; x_wconf 78' lang='lat' dir='ltr'><strong>garrera</strong></span> <span class='ocrx_word' id='word_1_85' title='bbox 749 1189 810 1256; x_wconf 90' lang='lat' dir='ltr'><strong>est,</strong></span> <span class='ocrx_word' id='word_1_86' title='bbox 837 1178 985 1240; x_wconf 88' lang='lat' dir='ltr'><strong>cauliculis</strong></span> <span class='ocrx_word' id='word_1_87' title='bbox 1000 1177 1099 1236; x_wconf 89' lang='lat' dir='ltr'><strong>densis</strong></span> 
     </span>
     <span class='ocr_line' id='line_1_13' title="bbox 108 1260 1100 1342; baseline -0.003 -18"><span class='ocrx_word' id='word_1_88' title='bbox 108 1262 143 1324; x_wconf 93' lang='lat' dir='ltr'><strong>ah</strong></span> <span class='ocrx_word' id='word_1_89' title='bbox 160 1263 261 1325; x_wconf 89' lang='lat' dir='ltr'><strong>eadem</strong></span> <span class='ocrx_word' id='word_1_90' title='bbox 276 1262 385 1340; x_wconf 87' lang='lat' dir='ltr'><strong>radice,</strong></span> <span class='ocrx_word' id='word_1_91' title='bbox 401 1265 584 1341; x_wconf 81' lang='lat' dir='ltr'><strong>geniculatis,</strong></span> <span class='ocrx_word' id='word_1_92' title='bbox 600 1265 761 1342; x_wconf 76' lang='lat' dir='ltr'><strong>triangulis,</strong></span> <span class='ocrx_word' id='word_1_93' title='bbox 778 1265 879 1341; x_wconf 89' lang='lat' dir='ltr'><strong>nigris</strong></span> <span class='ocrx_word' id='word_1_94' title='bbox 910 1264 940 1321; x_wconf 95' lang='lat' dir='ltr'><strong>in</strong></span> <span class='ocrx_word' id='word_1_95' title='bbox 955 1260 1100 1338; x_wconf 82' lang='lat' dir='ltr'><strong>geniculis</strong></span> 
     </span>
     <span class='ocr_line' id='line_1_14' title="bbox 106 1347 1100 1432; baseline -0.003 -26"><span class='ocrx_word' id='word_1_96' title='bbox 106 1347 177 1408; x_wconf 83' lang='lat' dir='ltr'><strong>lolia</strong></span> <span class='ocrx_word' id='word_1_97' title='bbox 192 1364 280 1424; x_wconf 91' lang='lat' dir='ltr'><strong>parva</strong></span> <span class='ocrx_word' id='word_1_98' title='bbox 294 1347 389 1432; x_wconf 85' lang='lat' dir='ltr'><strong>hahet,</strong></span> <span class='ocrx_word' id='word_1_99' title='bbox 407 1349 541 1426; x_wconf 82' lang='lat' dir='ltr'><strong>longiora</strong></span> <span class='ocrx_word' id='word_1_100' title='bbox 555 1356 650 1408; x_wconf 88' lang='grc' dir='ltr'>ιιιιιιι</span> <span class='ocrx_word' id='word_1_101' title='bbox 660 1366 744 1428; x_wconf 86' lang='lat' dir='ltr'><strong>quarn</strong></span> <span class='ocrx_word' id='word_1_102' title='bbox 761 1347 939 1426; x_wconf 71' lang='lat' dir='ltr'><strong>polygonoe,</strong></span> <span class='ocrx_word' id='word_1_103' title='bbox 955 1361 1056 1405; x_wconf 87' lang='lat' dir='ltr'><strong>semen</strong></span> <span class='ocrx_word' id='word_1_104' title='bbox 1070 1347 1100 1404; x_wconf 91' lang='lat' dir='ltr'><strong>in</strong></span> 
     </span>
     <span class='ocr_line' id='line_1_15' title="bbox 108 1427 1100 1530; baseline -0.001 -40"><span class='ocrx_word' id='word_1_105' title='bbox 108 1431 162 1490; x_wconf 90' lang='lat' dir='ltr'><strong>alis</strong></span> <span class='ocrx_word' id='word_1_106' title='bbox 176 1430 288 1490; x_wconf 90' lang='lat' dir='ltr'><strong>hordeo</strong></span> <span class='ocrx_word' id='word_1_107' title='bbox 305 1427 408 1508; x_wconf 85' lang='lat' dir='ltr'><strong>simile,</strong></span> <span class='ocrx_word' id='word_1_108' title='bbox 425 1432 526 1493; x_wconf 88' lang='lat' dir='ltr'><strong>horem</strong></span> <span class='ocrx_word' id='word_1_109' title='bbox 542 1449 733 1512; x_wconf 87' lang='lat' dir='ltr'><strong>purpureum,</strong></span> <span class='ocrx_word' id='word_1_110' title='bbox 739 1431 896 1530; x_wconf 71' lang='lat' dir='ltr'><strong>pusillum.</strong></span> <span class='ocrx_word' id='word_1_111' title='bbox 930 1429 1057 1490; x_wconf 89' lang='lat' dir='ltr'><strong>nascitur</strong></span> <span class='ocrx_word' id='word_1_112' title='bbox 1070 1428 1100 1489; x_wconf 94' lang='lat' dir='ltr'><strong>in</strong></span> 
     </span>
     <span class='ocr_line' id='line_1_16' title="bbox 107 1515 1136 1592; baseline -0.004 -19"><span class='ocrx_word' id='word_1_113' title='bbox 107 1515 214 1592; x_wconf 89' lang='lat' dir='ltr'><strong>pratis.</strong></span> <span class='ocrx_word' id='word_1_114' title='bbox 249 1515 402 1575; x_wconf 84' lang='lat' dir='ltr'><strong>decoctum</strong></span> <span class='ocrx_word' id='word_1_115' title='bbox 426 1516 631 1576; x_wconf 88' lang='lat' dir='ltr'><strong>cauliculorum</strong></span> <span class='ocrx_word' id='word_1_116' title='bbox 653 1516 714 1575; x_wconf 88' lang='lat' dir='ltr'><strong>eins</strong></span> <span class='ocrx_word' id='word_1_117' title='bbox 731 1516 847 1576; x_wconf 85' lang='lat' dir='ltr'><strong>invino</strong></span> <span class='ocrx_word' id='word_1_118' title='bbox 868 1523 984 1575; x_wconf 87' lang='lat' dir='ltr'><strong>austero</strong></span> <span class='ocrx_word' id='word_1_119' title='bbox 1008 1528 1136 1590; x_wconf 79' lang='lat' dir='ltr'><strong>quan-1⁵</strong></span> 
     </span>
     <span class='ocr_line' id='line_1_17' title="bbox 107 1597 1099 1694; baseline 0 -38"><span class='ocrx_word' id='word_1_120' title='bbox 107 1607 165 1656; x_wconf 91' lang='lat' dir='ltr'><strong>tum</strong></span> <span class='ocrx_word' id='word_1_121' title='bbox 184 1615 284 1658; x_wconf 90' lang='lat' dir='ltr'><strong>manus</strong></span> <span class='ocrx_word' id='word_1_122' title='bbox 306 1599 400 1675; x_wconf 88' lang='lat' dir='ltr'><strong>capiat</strong></span> <span class='ocrx_word' id='word_1_123' title='bbox 423 1598 547 1691; x_wconf 82' lang='lat' dir='ltr'><strong>dentium</strong></span> <span class='ocrx_word' id='word_1_124' title='bbox 570 1599 664 1660; x_wconf 83' lang='lat' dir='ltr'><strong>dolori</strong></span> <span class='ocrx_word' id='word_1_125' title='bbox 684 1599 816 1660; x_wconf 89' lang='lat' dir='ltr'><strong>medetur</strong></span> <span class='ocrx_word' id='word_1_126' title='bbox 840 1599 879 1658; x_wconf 89' lang='lat' dir='ltr'><strong>ita</strong></span> <span class='ocrx_word' id='word_1_127' title='bbox 901 1606 931 1694; x_wconf 85' lang='lat' dir='ltr'><strong>ut</strong></span> <span class='ocrx_word' id='word_1_128' title='bbox 952 1597 1099 1656; x_wconf 87' lang='lat' dir='ltr'><strong>continea-</strong></span> 
     </span>
     <span class='ocr_line' id='line_1_18' title="bbox 107 1689 232 1740; baseline 0.018 -2"><span class='ocrx_word' id='word_1_129' title='bbox 107 1689 232 1740; x_wconf 85' lang='lat' dir='ltr'><strong>turone.</strong></span> 
     </span>
    </p>

    <p class='ocr_par' dir='ltr' id='par_1_7' title="bbox 66 1761 1135 2263">
     <span class='ocr_line' id='line_1_19' title="bbox 66 1761 1098 1844; baseline -0.005 -17"><span class='ocrx_word' id='word_1_130' title='bbox 66 1773 117 1827; x_wconf 81' lang='lat'><strong>109</strong></span> <span class='ocrx_word' id='word_1_131' title='bbox 152 1761 261 1844; x_wconf 82' lang='grc' dir='ltr'>(.8ιι)</span> <span class='ocrx_word' id='word_1_132' title='bbox 284 1763 439 1825; x_wconf 82' lang='lat' dir='ltr'><strong>Othonna</strong></span> <span class='ocrx_word' id='word_1_133' title='bbox 430 1784 459 1824; x_wconf 92' lang='lat' dir='ltr'><strong>rn</strong></span> <span class='ocrx_word' id='word_1_134' title='bbox 474 1767 558 1842; x_wconf 75' lang='lat' dir='ltr'><strong>Syria</strong></span> <span class='ocrx_word' id='word_1_135' title='bbox 574 1768 716 1842; x_wconf 88' lang='lat' dir='ltr'><strong>nascitur,</strong></span> <span class='ocrx_word' id='word_1_136' title='bbox 739 1765 839 1827; x_wconf 89' lang='lat' dir='ltr'><strong>similis</strong></span> <span class='ocrx_word' id='word_1_137' title='bbox 855 1780 978 1838; x_wconf 88' lang='lat' dir='ltr'><strong>erucae,</strong></span> <span class='ocrx_word' id='word_1_138' title='bbox 999 1763 1098 1841; x_wconf 88' lang='lat' dir='ltr'><strong>perio·</strong></span> 
     </span>
     <span class='ocr_line' id='line_1_20' title="bbox 107 1847 1098 1929; baseline 0.001 -23"><span class='ocrx_word' id='word_1_139' title='bbox 107 1849 177 1906; x_wconf 89' lang='lat' dir='ltr'><strong>ratis</strong></span> <span class='ocrx_word' id='word_1_140' title='bbox 196 1847 301 1909; x_wconf 89' lang='lat' dir='ltr'><strong>crebro</strong></span> <span class='ocrx_word' id='word_1_141' title='bbox 315 1847 408 1924; x_wconf 86' lang='lat' dir='ltr'><strong>iuliis,</strong></span> <span class='ocrx_word' id='word_1_142' title='bbox 430 1848 504 1909; x_wconf 88' lang='lat' dir='ltr'><strong>hore</strong></span> <span class='ocrx_word' id='word_1_143' title='bbox 520 1852 622 1927; x_wconf 86' lang='lat' dir='ltr'><strong>croci,</strong></span> <span class='ocrx_word' id='word_1_144' title='bbox 639 1852 728 1928; x_wconf 83' lang='lat' dir='ltr'><strong>quare</strong></span> <span class='ocrx_word' id='word_1_145' title='bbox 742 1850 857 1929; x_wconf 81' lang='lat' dir='ltr'><strong>quidam</strong></span> <span class='ocrx_word' id='word_1_146' title='bbox 871 1865 1031 1909; x_wconf 85' lang='lat' dir='ltr'><strong>anemonen</strong></span> <span class='ocrx_word' id='word_1_147' title='bbox 1046 1864 1098 1907; x_wconf 86' lang='lat' dir='ltr'><strong>vo·</strong></span> 
     </span>
     <span class='ocr_line' id='line_1_21' title="bbox 109 1933 1135 1994; baseline 0.001 -5"><span class='ocrx_word' id='word_1_148' title='bbox 109 1935 256 1992; x_wconf 84' lang='lat' dir='ltr'><strong>caverunt.</strong></span> <span class='ocrx_word' id='word_1_149' title='bbox 283 1936 368 1992; x_wconf 85' lang='lat' dir='ltr'><strong>sucus</strong></span> <span class='ocrx_word' id='word_1_150' title='bbox 381 1933 443 1991; x_wconf 87' lang='lat' dir='ltr'><strong>eius</strong></span> <span class='ocrx_word' id='word_1_151' title='bbox 457 1933 608 1993; x_wconf 88' lang='lat' dir='ltr'><strong>oculorum</strong></span> <span class='ocrx_word' id='word_1_152' title='bbox 622 1934 837 1994; x_wconf 89' lang='lat' dir='ltr'><strong>medicamentis</strong></span> <span class='ocrx_word' id='word_1_153' title='bbox 854 1933 998 1993; x_wconf 82' lang='lat' dir='ltr'><strong>conuenit.</strong></span> <span class='ocrx_word' id='word_1_154' title='bbox 1021 1947 1097 1990; x_wconf 89' lang='lat' dir='ltr'><strong>mor·</strong></span> <span class='ocrx_word' id='word_1_155' title='bbox 1107 1948 1135 1990; x_wconf 83' lang='lat' dir='ltr'><strong>ao</strong></span> 
     </span>
     <span class='ocr_line' id='line_1_22' title="bbox 108 2014 1100 2096; baseline -0.001 -22"><span class='ocrx_word' id='word_1_156' title='bbox 108 2014 158 2075; x_wconf 88' lang='lat' dir='ltr'><strong>det</strong></span> <span class='ocrx_word' id='word_1_157' title='bbox 176 2017 251 2075; x_wconf 91' lang='lat' dir='ltr'><strong>enim</strong></span> <span class='ocrx_word' id='word_1_158' title='bbox 269 2014 374 2075; x_wconf 87' lang='lat' dir='ltr'><strong>leniter</strong></span> <span class='ocrx_word' id='word_1_159' title='bbox 395 2025 425 2076; x_wconf 90' lang='lat' dir='ltr'><strong>et</strong></span> <span class='ocrx_word' id='word_1_160' title='bbox 446 2017 562 2077; x_wconf 79' lang='lat' dir='ltr'><strong>calfacit</strong></span> <span class='ocrx_word' id='word_1_161' title='bbox 582 2017 793 2096; x_wconf 78' lang='lat' dir='ltr'><strong>adstringitque</strong></span> <span class='ocrx_word' id='word_1_162' title='bbox 816 2016 962 2077; x_wconf 88' lang='lat' dir='ltr'><strong>siccando.</strong></span> <span class='ocrx_word' id='word_1_163' title='bbox 993 2023 1100 2091; x_wconf 86' lang='lat' dir='ltr'><strong>purgat</strong></span> 
     </span>
     <span class='ocr_line' id='line_1_23' title="bbox 108 2096 1100 2179; baseline 0.001 -24"><span class='ocrx_word' id='word_1_164' title='bbox 108 2099 260 2159; x_wconf 89' lang='lat' dir='ltr'><strong>cicatrices</strong></span> <span class='ocrx_word' id='word_1_165' title='bbox 280 2108 308 2158; x_wconf 90' lang='lat' dir='ltr'><strong>et</strong></span> <span class='ocrx_word' id='word_1_166' title='bbox 329 2100 486 2161; x_wconf 86' lang='lat' dir='ltr'><strong>nubeculas</strong></span> <span class='ocrx_word' id='word_1_167' title='bbox 505 2111 535 2161; x_wconf 89' lang='lat' dir='ltr'><strong>et</strong></span> <span class='ocrx_word' id='word_1_168' title='bbox 558 2101 694 2179; x_wconf 88' lang='lat' dir='ltr'><strong>quidquid</strong></span> <span class='ocrx_word' id='word_1_169' title='bbox 715 2100 820 2160; x_wconf 86' lang='lat' dir='ltr'><strong>ohstet.</strong></span> <span class='ocrx_word' id='word_1_170' title='bbox 848 2099 964 2177; x_wconf 78' lang='lat' dir='ltr'><strong>quidam</strong></span> <span class='ocrx_word' id='word_1_171' title='bbox 986 2096 1100 2157; x_wconf 83' lang='lat' dir='ltr'><strong>tradunt</strong></span> 
     </span>
     <span class='ocr_line' id='line_1_24' title="bbox 106 2180 1110 2263; baseline 0.006 -24"><span class='ocrx_word' id='word_1_172' title='bbox 106 2180 197 2260; x_wconf 81' lang='lat' dir='ltr'><strong>lavari</strong></span> <span class='ocrx_word' id='word_1_173' title='bbox 214 2192 298 2260; x_wconf 88' lang='lat' dir='ltr'><strong>atque</strong></span> <span class='ocrx_word' id='word_1_174' title='bbox 313 2183 352 2242; x_wconf 90' lang='lat' dir='ltr'><strong>ita</strong></span> <span class='ocrx_word' id='word_1_175' title='bbox 369 2184 505 2242; x_wconf 90' lang='lat' dir='ltr'><strong>siccatam</strong></span> <span class='ocrx_word' id='word_1_176' title='bbox 521 2184 636 2260; x_wconf 90' lang='lat' dir='ltr'><strong>digeri</strong></span> <span class='ocrx_word' id='word_1_177' title='bbox 628 2202 656 2242; x_wconf 87' lang='grc' dir='ltr'><strong>ιιι</strong></span> <span class='ocrx_word' id='word_1_178' title='bbox 673 2184 815 2263; x_wconf 88' lang='lat' dir='ltr'><strong>pastillos.</strong></span> <span class='ocrx_word' id='word_1_179' title='bbox 1107 2197 1110 2201; x_wconf 84' lang='lat'>&#39;</span> 
     </span>
    </p>

    <p class='ocr_par' dir='ltr' id='par_1_8' title="bbox 65 2264 1136 2576">
     <span class='ocr_line' id='line_1_25' title="bbox 65 2264 1099 2361; baseline -0.003 -34"><span class='ocrx_word' id='word_1_180' title='bbox 65 2275 116 2328; x_wconf 80' lang='lat'><strong>110</strong></span> <span class='ocrx_word' id='word_1_181' title='bbox 176 2264 260 2361; x_wconf 90' lang='grc'>(86.)</span> <span class='ocrx_word' id='word_1_182' title='bbox 279 2264 498 2342; x_wconf 88' lang='lat' dir='ltr'><strong>Onosmaleuga</strong></span> <span class='ocrx_word' id='word_1_183' title='bbox 507 2265 673 2326; x_wconf 88' lang='lat' dir='ltr'><strong>iolrahahet</strong></span> <span class='ocrx_word' id='word_1_184' title='bbox 683 2266 790 2327; x_wconf 83' lang='lat' dir='ltr'><strong>leread</strong></span> <span class='ocrx_word' id='word_1_185' title='bbox 800 2264 854 2326; x_wconf 95' lang='lat' dir='ltr'><strong>llll</strong></span> <span class='ocrx_word' id='word_1_186' title='bbox 866 2265 1008 2343; x_wconf 88' lang='lat' dir='ltr'><strong>drgrtosrn</strong></span> <span class='ocrx_word' id='word_1_187' title='bbox 1020 2272 1099 2324; x_wconf 88' lang='lat' dir='ltr'><strong>terra</strong></span> 
     </span>
     <span class='ocr_line' id='line_1_26' title="bbox 106 2347 1136 2429; baseline 0.004 -25"><span class='ocrx_word' id='word_1_188' title='bbox 106 2347 245 2423; x_wconf 88' lang='lat' dir='ltr'><strong>iacentia,</strong></span> <span class='ocrx_word' id='word_1_189' title='bbox 267 2348 305 2408; x_wconf 92' lang='lat' dir='ltr'><strong>ad</strong></span> <span class='ocrx_word' id='word_1_190' title='bbox 319 2348 531 2409; x_wconf 89' lang='lat' dir='ltr'><strong>similitudinem</strong></span> <span class='ocrx_word' id='word_1_191' title='bbox 546 2349 716 2411; x_wconf 87' lang='lat' dir='ltr'><strong>anchusae</strong></span> <span class='ocrx_word' id='word_1_192' title='bbox 707 2350 813 2429; x_wconf 79' lang='lat' dir='ltr'><strong>incisa,</strong></span> <span class='ocrx_word' id='word_1_193' title='bbox 833 2351 896 2409; x_wconf 89' lang='lat' dir='ltr'><strong>sine</strong></span> <span class='ocrx_word' id='word_1_194' title='bbox 913 2348 1023 2423; x_wconf 84' lang='lat' dir='ltr'><strong>canle&#39;,</strong></span> <span class='ocrx_word' id='word_1_195' title='bbox 1034 2348 1136 2408; x_wconf 82' lang='lat' dir='ltr'><strong>sineas</strong></span> 
     </span>
     <span class='ocr_line' id='line_1_27' title="bbox 107 2429 1099 2525; baseline 0 -35"><span class='ocrx_word' id='word_1_196' title='bbox 107 2429 190 2505; x_wconf 81' lang='lat' dir='ltr'><strong>llere,</strong></span> <span class='ocrx_word' id='word_1_197' title='bbox 207 2432 270 2491; x_wconf 90' lang='lat' dir='ltr'><strong>sine</strong></span> <span class='ocrx_word' id='word_1_198' title='bbox 281 2434 401 2492; x_wconf 85' lang='lat' dir='ltr'><strong>semine.</strong></span> <span class='ocrx_word' id='word_1_199' title='bbox 427 2451 583 2512; x_wconf 84' lang='lat' dir='ltr'><strong>praegnas,</strong></span> <span class='ocrx_word' id='word_1_200' title='bbox 600 2432 699 2494; x_wconf 87' lang='lat' dir='ltr'><strong>eredit</strong></span> <span class='ocrx_word' id='word_1_201' title='bbox 715 2451 778 2494; x_wconf 87' lang='lat' dir='ltr'><strong>eum</strong></span> <span class='ocrx_word' id='word_1_202' title='bbox 792 2438 840 2525; x_wconf 84' lang='lat' dir='ltr'><strong>ant</strong></span> <span class='ocrx_word' id='word_1_203' title='bbox 851 2430 1099 2511; x_wconf 86' lang='lat' dir='ltr'><strong>supergradiatnr,</strong></span> 
     </span>
     <span class='ocr_line' id='line_1_28' title="bbox 109 2513 482 2609; baseline 0.003 -35"><span class='ocrx_word' id='word_1_204' title='bbox 109 2513 244 2609; x_wconf 87' lang='lat' dir='ltr'><strong>ahortum</strong></span> <span class='ocrx_word' id='word_1_205' title='bbox 256 2515 356 2576; x_wconf 88' lang='lat' dir='ltr'><strong>iacere</strong></span> <span class='ocrx_word' id='word_1_206' title='bbox 370 2516 482 2576; x_wconf 90' lang='lat' dir='ltr'><strong>dicitur.</strong></span> 
     </span>
    </p>

    <p class='ocr_par' dir='ltr' id='par_1_9' title="bbox 107 2598 1135 2830">
     <span class='ocr_line' id='line_1_29' title="bbox 139 2598 1100 2698; baseline -0.002 -37.92"><span class='ocrx_word' id='word_1_207' title='bbox 139 2599 260 2679; x_wconf 85' lang='grc'>’.(87)</span> <span class='ocrx_word' id='word_1_208' title='bbox 284 2599 500 2698; x_wconf 84' lang='lat' dir='ltr'><strong>Onopradon</strong></span> <span class='ocrx_word' id='word_1_209' title='bbox 476 2619 500 2659; x_wconf 83' lang='grc' dir='ltr'><strong>ιι</strong></span> <span class='ocrx_word' id='word_1_210' title='bbox 517 2600 719 2677; x_wconf 84' lang='lat' dir='ltr'><strong>comederunt,</strong></span> <span class='ocrx_word' id='word_1_211' title='bbox 741 2601 815 2661; x_wconf 89' lang='lat' dir='ltr'><strong>asini</strong></span> <span class='ocrx_word' id='word_1_212' title='bbox 832 2601 960 2678; x_wconf 87' lang='lat' dir='ltr'><strong>crepitus</strong></span> <span class='ocrx_word' id='word_1_213' title='bbox 974 2598 1100 2659; x_wconf 85' lang='lat' dir='ltr'><strong>reddere</strong></span> 
     </span>
     <span class='ocr_line' id='line_1_30' title="bbox 107 2682 1100 2761; baseline 0.001 -20"><span class='ocrx_word' id='word_1_214' title='bbox 107 2682 248 2741; x_wconf 90' lang='lat' dir='ltr'><strong>dicuntur</strong></span> <span class='ocrx_word' id='word_1_215' title='bbox 270 2683 356 2742; x_wconf 93' lang='lat' dir='ltr'><strong>trahit</strong></span> <span class='ocrx_word' id='word_1_216' title='bbox 371 2685 467 2742; x_wconf 85' lang='lat' dir='ltr'><strong>urinas</strong></span> <span class='ocrx_word' id='word_1_217' title='bbox 479 2693 509 2742; x_wconf 88' lang='lat' dir='ltr'><strong>et</strong></span> <span class='ocrx_word' id='word_1_218' title='bbox 523 2702 649 2760; x_wconf 89' lang='lat' dir='ltr'><strong>menses,</strong></span> <span class='ocrx_word' id='word_1_219' title='bbox 665 2684 762 2744; x_wconf 82' lang='lat' dir='ltr'><strong>alvom</strong></span> <span class='ocrx_word' id='word_1_220' title='bbox 772 2684 857 2761; x_wconf 86' lang='lat' dir='ltr'><strong>sistit,</strong></span> <span class='ocrx_word' id='word_1_221' title='bbox 875 2684 1100 2761; x_wconf 89' lang='lat' dir='ltr'><strong>suppurationes</strong></span> 
     </span>
     <span class='ocr_line' id='line_1_31' title="bbox 77 2764 1135 2830; baseline 0.001 -7.03"><span class='ocrx_word' id='word_1_222' title='bbox 77 2773 138 2824; x_wconf 91' lang='lat' dir='ltr'><strong>et</strong></span> <span class='ocrx_word' id='word_1_223' title='bbox 152 2764 347 2824; x_wconf 88' lang='lat' dir='ltr'><strong>collectiones</strong></span> <span class='ocrx_word' id='word_1_224' title='bbox 360 2764 1135 2830; x_wconf 75' lang='lat' dir='ltr'><strong>discutitur</strong></span> 
     </span>
    </p>

    <p class='ocr_par' dir='ltr' id='par_1_10' title="bbox 66 2845 1136 3508">
     <span class='ocr_line' id='line_1_32' title="bbox 66 2845 1101 2928; baseline 0.005 -23"><span class='ocrx_word' id='word_1_225' title='bbox 66 2860 116 2913; x_wconf 91' lang='lat'><strong>111</strong></span> <span class='ocrx_word' id='word_1_226' title='bbox 177 2845 260 2926; x_wconf 90' lang='grc'>(88.)</span> <span class='ocrx_word' id='word_1_227' title='bbox 284 2845 385 2921; x_wconf 73' lang='lat' dir='ltr'><strong>Ospris</strong></span> <span class='ocrx_word' id='word_1_228' title='bbox 400 2846 526 2908; x_wconf 90' lang='lat' dir='ltr'><strong>ramulos</strong></span> <span class='ocrx_word' id='word_1_229' title='bbox 548 2849 605 2909; x_wconf 88' lang='lat' dir='ltr'><strong>lert</strong></span> <span class='ocrx_word' id='word_1_230' title='bbox 625 2853 742 2928; x_wconf 85' lang='lat' dir='ltr'><strong>nigros,</strong></span> <span class='ocrx_word' id='word_1_231' title='bbox 764 2851 858 2911; x_wconf 87' lang='lat' dir='ltr'><strong>tenuis</strong></span> <span class='ocrx_word' id='word_1_232' title='bbox 866 2851 1002 2928; x_wconf 88' lang='lat' dir='ltr'><strong>,lentos,</strong></span> <span class='ocrx_word' id='word_1_233' title='bbox 1025 2852 1101 2910; x_wconf 87' lang='lat' dir='ltr'><strong>etin</strong></span> 
     </span>
     <span class='ocr_line' id='line_1_33' title="bbox 107 2928 1099 3014; baseline 0.003 -24"><span class='ocrx_word' id='word_1_234' title='bbox 107 2931 153 2990; x_wconf 90' lang='lat' dir='ltr'><strong>his</strong></span> <span class='ocrx_word' id='word_1_235' title='bbox 173 2928 245 2989; x_wconf 84' lang='lat' dir='ltr'><strong>folia</strong></span> <span class='ocrx_word' id='word_1_236' title='bbox 266 2931 349 3005; x_wconf 84' lang='lat' dir='ltr'><strong>nigra</strong></span> <span class='ocrx_word' id='word_1_237' title='bbox 373 2947 426 2989; x_wconf 87' lang='lat' dir='ltr'><strong>ceu</strong></span> <span class='ocrx_word' id='word_1_238' title='bbox 446 2930 498 2990; x_wconf 93' lang='lat' dir='ltr'><strong>lini</strong></span> <span class='ocrx_word' id='word_1_239' title='bbox 512 2948 670 3014; x_wconf 88' lang='lat' dir='ltr'><strong>semenque</strong></span> <span class='ocrx_word' id='word_1_240' title='bbox 693 2935 722 2993; x_wconf 93' lang='lat' dir='ltr'><strong>in</strong></span> <span class='ocrx_word' id='word_1_241' title='bbox 742 2932 858 2994; x_wconf 88' lang='lat' dir='ltr'><strong>ramulis</strong></span> <span class='ocrx_word' id='word_1_242' title='bbox 880 2936 992 3011; x_wconf 90' lang='lat' dir='ltr'><strong>nigrum</strong></span> <span class='ocrx_word' id='word_1_243' title='bbox 1007 2933 1099 3008; x_wconf 90' lang='lat' dir='ltr'><strong>initio,</strong></span> 
     </span>
     <span class='ocr_line' id='line_1_34' title="bbox 107 3011 1102 3095; baseline 0.003 -23"><span class='ocrx_word' id='word_1_244' title='bbox 107 3013 173 3072; x_wconf 90' lang='lat' dir='ltr'><strong>dein</strong></span> <span class='ocrx_word' id='word_1_245' title='bbox 195 3011 297 3071; x_wconf 91' lang='lat' dir='ltr'><strong>colore</strong></span> <span class='ocrx_word' id='word_1_246' title='bbox 314 3021 420 3074; x_wconf 89' lang='lat' dir='ltr'><strong>mutato</strong></span> <span class='ocrx_word' id='word_1_247' title='bbox 435 3013 603 3077; x_wconf 88' lang='lat' dir='ltr'><strong>rubescens</strong></span> <span class='ocrx_word' id='word_1_248' title='bbox 631 3026 789 3095; x_wconf 83' lang='lat' dir='ltr'><strong>smegmata</strong></span> <span class='ocrx_word' id='word_1_249' title='bbox 808 3015 976 3077; x_wconf 89' lang='lat' dir='ltr'><strong>mulieribus</strong></span> <span class='ocrx_word' id='word_1_250' title='bbox 992 3017 1102 3077; x_wconf 84' lang='lat' dir='ltr'><strong>iaciunt</strong></span> 
     </span>
     <span class='ocr_line' id='line_1_35' title="bbox 107 3095 1100 3198; baseline 0.002 -42"><span class='ocrx_word' id='word_1_251' title='bbox 107 3115 146 3156; x_wconf 87' lang='lat' dir='ltr'><strong>ex</strong></span> <span class='ocrx_word' id='word_1_252' title='bbox 168 3095 222 3155; x_wconf 88' lang='lat' dir='ltr'><strong>his.</strong></span> <span class='ocrx_word' id='word_1_253' title='bbox 256 3095 382 3156; x_wconf 92' lang='lat' dir='ltr'><strong>radicum</strong></span> <span class='ocrx_word' id='word_1_254' title='bbox 402 3097 556 3159; x_wconf 89' lang='lat' dir='ltr'><strong>decoctum</strong></span> <span class='ocrx_word' id='word_1_255' title='bbox 579 3109 677 3198; x_wconf 86' lang='lat' dir='ltr'><strong>potum</strong></span> <span class='ocrx_word' id='word_1_256' title='bbox 698 3109 780 3160; x_wconf 89' lang='lat' dir='ltr'><strong>sanat</strong></span> <span class='ocrx_word' id='word_1_257' title='bbox 802 3109 948 3178; x_wconf 88' lang='lat' dir='ltr'><strong>arquatos.</strong></span> <span class='ocrx_word' id='word_1_258' title='bbox 979 3100 1100 3159; x_wconf 90' lang='lat' dir='ltr'><strong>eaedem</strong></span> 
     </span>
     <span class='ocr_line' id='line_1_36' title="bbox 110 3179 1136 3259; baseline 0.005 -20"><span class='ocrx_word' id='word_1_259' title='bbox 110 3179 274 3259; x_wconf 85' lang='lat' dir='ltr'><strong>priusquam</strong></span> <span class='ocrx_word' id='word_1_260' title='bbox 286 3188 460 3244; x_wconf 87' lang='lat' dir='ltr'><strong>maturescat</strong></span> <span class='ocrx_word' id='word_1_261' title='bbox 474 3201 574 3244; x_wconf 88' lang='lat' dir='ltr'><strong>semen</strong></span> <span class='ocrx_word' id='word_1_262' title='bbox 589 3183 725 3245; x_wconf 90' lang='lat' dir='ltr'><strong>concisae</strong></span> <span class='ocrx_word' id='word_1_263' title='bbox 741 3192 770 3243; x_wconf 88' lang='lat' dir='ltr'><strong>et</strong></span> <span class='ocrx_word' id='word_1_264' title='bbox 784 3183 848 3243; x_wconf 89' lang='lat' dir='ltr'><strong>sole</strong></span> <span class='ocrx_word' id='word_1_265' title='bbox 863 3184 989 3245; x_wconf 90' lang='lat' dir='ltr'><strong>siccatae</strong></span> <span class='ocrx_word' id='word_1_266' title='bbox 1001 3182 1099 3244; x_wconf 87' lang='lat' dir='ltr'><strong>alvom</strong></span> <span class='ocrx_word' id='word_1_267' title='bbox 1108 3202 1136 3244; x_wconf 83' lang='grc' dir='ltr'><strong>ιι</strong></span> 
     </span>
     <span class='ocr_line' id='line_1_37' title="bbox 108 3264 1097 3341; baseline 0.003 -18"><span class='ocrx_word' id='word_1_268' title='bbox 108 3264 219 3323; x_wconf 85' lang='lat' dir='ltr'><strong>sistunt.</strong></span> <span class='ocrx_word' id='word_1_269' title='bbox 256 3272 323 3341; x_wconf 92' lang='lat' dir='ltr'><strong>post</strong></span> <span class='ocrx_word' id='word_1_270' title='bbox 336 3267 525 3326; x_wconf 87' lang='lat' dir='ltr'><strong>maturitatem</strong></span> <span class='ocrx_word' id='word_1_271' title='bbox 543 3283 614 3327; x_wconf 85' lang='lat' dir='ltr'><strong>vero</strong></span> <span class='ocrx_word' id='word_1_272' title='bbox 628 3267 770 3328; x_wconf 89' lang='lat' dir='ltr'><strong>collectae</strong></span> <span class='ocrx_word' id='word_1_273' title='bbox 786 3276 815 3327; x_wconf 90' lang='lat' dir='ltr'><strong>et</strong></span> <span class='ocrx_word' id='word_1_274' title='bbox 828 3267 857 3325; x_wconf 92' lang='lat' dir='ltr'><strong>in</strong></span> <span class='ocrx_word' id='word_1_275' title='bbox 872 3266 1032 3328; x_wconf 86' lang='lat' dir='ltr'><strong>sorbitione</strong></span> <span class='ocrx_word' id='word_1_276' title='bbox 1047 3265 1097 3326; x_wconf 89' lang='lat' dir='ltr'><strong>de·</strong></span> 
     </span>
     <span class='ocr_line' id='line_1_38' title="bbox 109 3346 1100 3429; baseline 0.003 -22"><span class='ocrx_word' id='word_1_277' title='bbox 109 3355 212 3407; x_wconf 90' lang='lat' dir='ltr'><strong>coctae</strong></span> <span class='ocrx_word' id='word_1_278' title='bbox 233 3346 442 3410; x_wconf 87' lang='lat' dir='ltr'><strong>rheumatismis</strong></span> <span class='ocrx_word' id='word_1_279' title='bbox 462 3351 571 3409; x_wconf 88' lang='lat' dir='ltr'><strong>ventrls</strong></span> <span class='ocrx_word' id='word_1_280' title='bbox 592 3350 743 3411; x_wconf 87' lang='lat' dir='ltr'><strong>medentur</strong></span> <span class='ocrx_word' id='word_1_281' title='bbox 764 3359 794 3410; x_wconf 89' lang='lat' dir='ltr'><strong>et</strong></span> <span class='ocrx_word' id='word_1_282' title='bbox 819 3367 874 3429; x_wconf 87' lang='lat' dir='ltr'><strong>per</strong></span> <span class='ocrx_word' id='word_1_283' title='bbox 903 3368 936 3410; x_wconf 88' lang='lat' dir='ltr'><strong>se</strong></span> <span class='ocrx_word' id='word_1_284' title='bbox 954 3351 1038 3410; x_wconf 90' lang='lat' dir='ltr'><strong>tritae</strong></span> <span class='ocrx_word' id='word_1_285' title='bbox 1060 3367 1100 3410; x_wconf 85' lang='lat' dir='ltr'><strong>ax</strong></span> 
     </span>
     <span class='ocr_line' id='line_1_39' title="bbox 108 3430 481 3508; baseline 0 -18"><span class='ocrx_word' id='word_1_286' title='bbox 108 3448 182 3508; x_wconf 85' lang='lat' dir='ltr'><strong>aqna</strong></span> <span class='ocrx_word' id='word_1_287' title='bbox 201 3430 322 3492; x_wconf 86' lang='lat' dir='ltr'><strong>caelesti</strong></span> <span class='ocrx_word' id='word_1_288' title='bbox 336 3431 481 3493; x_wconf 84' lang='lat' dir='ltr'><strong>bibuntur.-</strong></span> 
     </span>
    </p>
   </div>
   <div class='ocr_carea' id='block_1_4' title="bbox 0 0 1207 3840">
    <p class='ocr_par' dir='ltr' id='par_1_11' title="bbox 0 0 1207 3840">
     <span class='ocr_line' id='line_1_40' title="bbox 0 0 1207 3840; baseline 0 0"><span class='ocrx_word' id='word_1_289' title='bbox 0 0 1207 3840; x_wconf 95' lang='lat' dir='ltr'><strong> </strong></span> 
     </span>
    </p>
   </div>
  </div>
 </body>
</html>
