2400 3840
143 145 204 208 290
455 159 486 206 o.
509 160 606 206 enirn
628 159 778 207 secunnr

140 312 257 372 Sextius
277 311 511 388 diligentissimus
533 311 708 387 medicinae,
737 313 804 390 quin
828 313 912 371 immo
934 331 1045 391 parvos
1073 335 1141 377 esse

140 395 371 473 substrictosque
386 403 415 453 et
430 393 613 454 adhaerentis
628 395 740 472 spinae,
756 414 811 454 nec
826 396 909 455 adimi
925 398 988 456 sine
1005 399 1067 458 vita
1081 402 1140 460 ani·

138 479 221 540 malis
238 497 339 557 posse,
351 477 505 537 adulterari
519 487 613 538 autern
627 478 742 538 renibus
755 478 894 554 eiusdem,
910 479 959 557 qui
973 491 1040 541 sunt
1053 501 1140 559 gran·

96 571 130 627 rt
141 562 210 638 des,
233 580 297 622 cunr
312 563 375 621 veri
391 570 483 621 testes
499 563 580 639 parvi
600 561 751 622 admodum
765 564 954 641 reperiantur.
982 575 1139 641 praeterea

138 664 175 704 ne
190 647 307 706 vesicas
322 644 436 724 quidem
459 662 543 720 esse,
566 664 629 704 cum
646 647 703 705 sint
724 647 875 722 geminae,
897 645 975 722 qnod
991 647 1063 707 nulli
1080 650 1160 710 ani-s

137 728 260 789 malium.
290 729 318 787 in
341 728 385 787 his
407 727 545 787 folliculis
562 729 683 788 inveniri
699 728 840 806 liquorem
857 738 885 787 et
899 729 1050 789 adservari
1065 732 1137 791 sale.

137 815 233 891 itaque
249 814 325 872 inter
340 810 528 889 probationes
544 811 610 872 ialsi
626 829 693 871 esse
709 811 857 872 iolliculos
877 813 1009 888 geminos
1025 832 1064 872 ex
1079 831 1136 874 une

136 913 213 955 nexu
228 896 428 973 dependentis,
446 893 523 969 quod
543 896 636 972 ipsum
653 897 796 973 corrumpi
814 895 914 954 iraude
933 896 1137 956 conicientium

138 981 268 1039 cummim
277 996 340 1037 cum
348 977 487 1053 sanguine
496 977 1136 1055 autllammoniacum,quoniamllammoniaci

137 1060 247 1121 coloris
263 1078 330 1120 esse
346 1059 479 1136 debeant,
494 1061 597 1120 tunicis
614 1062 790 1136 circumdati,
806 1061 919 1139 liquore
936 1061 1026 1121 veluti
1041 1063 1165 1122 mellisu

137 1145 244 1217 cerosi,
262 1143 352 1203 odore
372 1162 495 1220 graves,
511 1154 597 1221 gusto
614 1161 711 1203 amaro
728 1152 757 1203 et
771 1145 847 1219 acri,
864 1143 1005 1204 iriabiles.
1037 1146 1135 1206 eiliea·

94 1237 129 1291 28
140 1227 247 1287 cissimi
262 1245 278 1286 e
294 1227 385 1287 Ponto
402 1225 582 1304 Galatiaque,
600 1245 667 1287 mox
682 1227 791 1288 Africa.
813 1236 1009 1287 sternumenta
1024 1227 1135 1289 olfactu

135 1320 261 1370 movent.
294 1328 424 1371 somnum
439 1310 594 1370 conciliant
614 1328 678 1370 curn
693 1327 817 1370 rosaceo
835 1319 863 1370 et
879 1311 1051 1389 peucedano
1069 1330 1133 1390 per·

136 1402 222 1454 uncto
239 1395 334 1472 capite
351 1403 380 1454 et
395 1412 450 1472 per
463 1411 496 1452 se
514 1395 575 1470 poti
591 1412 627 1453 ex
644 1412 727 1471 aqua,
746 1393 783 1453 ob
802 1393 829 1453 id
844 1393 1023 1471 phreneticis
1037 1395 1132 1456 utiles.

135 1480 204 1537 item
224 1477 402 1554 lethargicos
418 1476 516 1536 odoris
531 1476 627 1537 sullitu
643 1479 785 1552 excitant,
808 1476 1014 1555 volvarumque
1036 1479 1163 1538 exani-ra

134 1561 275 1622 motiones
296 1561 345 1621 vel
368 1559 499 1636 subditu,
519 1578 686 1620 comenses
709 1569 738 1619 et
762 1559 904 1620 secundas
924 1560 1002 1620 cient
1023 1560 1133 1621 duabus

92 1643 279 1710 andraehmis
300 1661 364 1703 cum
386 1643 485 1722 puleio
506 1661 543 1702 ex
562 1661 636 1721 aqua
658 1645 729 1722 poti.
758 1643 908 1703 medentur
932 1651 962 1702 et
985 1645 1134 1721 vertigini,

135 1725 338 1803 opisthotono,
355 1725 501 1802 tremulis,
520 1726 665 1804 spasticis,
682 1744 834 1786 nervorum
851 1727 938 1802 vitiis,
955 1726 1134 1804 ischiadicis,

135 1808 331 1886 stomachicis,
350 1807 527 1886 paralyticis,
545 1811 693 1886 perunctis
709 1809 850 1885 omnibus,
866 1809 914 1868 vel
930 1810 987 1869 triti
1003 1810 1039 1870 ad
1057 1829 1133 1871 cras·

134 1891 285 1951 situdinem
298 1891 393 1952 mellis
410 1909 473 1950 cum
490 1892 598 1951 semiue
612 1893 706 1952 viticis
722 1911 759 1952 ex
777 1901 861 1952 aceto
876 1910 911 1952 ac
926 1892 1064 1954 rosaceo.
1093 1895 1164 1953 sicco

134 1986 163 2036 et
179 1985 279 2037 contra
294 1975 444 2036 comitialis
457 1977 574 2053 sumpti,
591 1976 653 2053 poti
674 1993 745 2036 vero
761 1984 862 2035 contra
876 1975 1058 2053 inflationes,
1077 1986 1135 2036 tor·

91 2073 126 2126 so
137 2062 221 2136 mina,
237 2079 360 2120 venena.
387 2058 547 2119 differentia
562 2068 667 2119 tanturn
680 2068 779 2119 contra
795 2076 905 2135 genera
920 2069 966 2119 est
979 2061 1134 2135 mixturae,

135 2146 244 2222 quippe
263 2143 401 2203 adversus
417 2143 591 2222 scorpiones
609 2161 647 2202 ex
661 2144 728 2202 vino
745 2141 888 2216 bibuntur,
905 2143 1047 2202 adversus
1065 2143 1135 2221 pha·

134 2227 230 2303 langiu
246 2236 274 2286 et
288 2243 411 2286 araneos
427 2243 465 2285 ex
479 2225 571 2286 mulso
587 2228 626 2286 ita
641 2236 671 2285 ut
686 2226 842 2287 vomitione
857 2224 1029 2302 reddantur,
1042 2235 1092 2286 ant
1106 2235 1136 2285 ut

134 2310 334 2368 contineantur
349 2327 412 2368 cum
430 2317 509 2385 ruta,
532 2309 670 2369 adversus
689 2308 835 2369 chalcidas
851 2327 914 2369 cum
929 2311 1061 2385 myrtite,
1085 2309 1165 2369 adu

133 2410 236 2451 versus
251 2402 384 2452 cerasten
405 2401 434 2450 et
455 2402 604 2470 presteras
628 2411 691 2452 cum
713 2410 824 2471 panace
845 2401 892 2451 ant
913 2401 976 2452 ruta
998 2411 1036 2452 ex
1053 2395 1134 2469 vino,

132 2475 274 2535 adversus
296 2485 410 2535 ceteras
434 2479 579 2554 serpentis
601 2495 665 2536 cnm
688 2477 764 2536 vino.
793 2475 854 2534 dari
876 2474 959 2535 binas
979 2475 1134 2537 drachmas

90 2570 123 2624 ³1
135 2560 204 2619 satis
222 2567 277 2635 est,
293 2577 393 2619 eorum
409 2576 484 2638 quae
501 2561 661 2620 adiciantur
678 2559 817 2636 singulas.
849 2559 1021 2618 auxiliantur
1038 2561 1134 2638 priva·

132 2644 179 2702 tim
197 2652 297 2702 eontra
313 2644 423 2702 viscum
439 2661 477 2702 ex
491 2653 592 2719 aceto,
613 2644 755 2704 adversus
770 2643 913 2701 aconitum
934 2661 972 2702 ex
994 2641 1071 2703 lacte
1086 2652 1135 2704 aut

131 2745 217 2805 aqua,
225 2726 365 2786 adversus
376 2726 558 2787 helleborum
566 2726 661 2787 album
673 2745 710 2786 ex
719 2742 792 2803 aqua
805 2725 896 2784 mulsa
908 2727 1053 2803 nitroque.
1071 2745 1131 2786 me·
1142 2737 1165 2779 ω

130 2810 232 2870 dentur
244 2818 274 2869 et
284 2810 417 2871 dentibus
433 2810 519 2870 inlusi
535 2829 599 2871 cum
610 2810 679 2870 oleo
695 2811 753 2869 triti
768 2811 797 2868 in
812 2826 909 2868 aurem
925 2811 1035 2868 aeuius
1048 2820 1133 2888 parte

131 2893 262 2969 doleant,
287 2895 395 2954 aurium
414 2893 508 2954 dolori
530 2895 647 2969 melius,
671 2893 695 2952 si
717 2910 780 2952 cum
800 2893 945 2952 meconio.
971 2892 1133 2953 claritatem

129 2977 209 3038 visus
227 2976 333 3036 iaciunt
349 2996 412 3036 cnm
425 2977 512 3037 melle
527 2977 626 3037 Attico
642 2977 757 3063 inuncti.
783 2974 920 3036 cohihent
933 2976 1079 3052 singultus
1095 2995 1134 3037 ex

130 3071 225 3122 aceto.
252 3061 331 3119 urina
345 3078 460 3138 qnoque
475 3060 539 3120 iibri
557 3062 666 3138 resistit
681 3059 801 3118 venenis
817 3067 846 3118 et
861 3058 899 3118 ob
913 3059 942 3119 id
957 3060 986 3118 in
1001 3059 1133 3120 antidota

129 3145 249 3206 additur.
283 3142 453 3203 adservatur
472 3152 567 3203 autem
589 3153 706 3223 optume
727 3145 756 3202 in
777 3160 829 3202 sua
844 3144 961 3219 vesica,
989 3150 1019 3201 ut
1041 3143 1165 3222 aliquio

129 3231 302 3288 existimant.

86 3321 120 3375 ot
193 3314 223 3373 4.
247 3311 331 3390 (14.)
360 3308 495 3371 Geminus
523 3311 653 3370 similiter
675 3311 767 3369 victus
788 3310 817 3367 in
837 3309 919 3387 aquis
942 3317 1082 3388 terraque
1103 3319 1134 3370 et

129 3395 299 3455 testudinum
318 3395 508 3474 effectusque,
526 3395 587 3471 pari
605 3393 715 3454 honore
730 3391 863 3452 hahendo
878 3392 927 3452 vel
941 3400 1068 3471 propter
1080 3411 1132 3454 ex·
