2400 3840
134 167 175 228 48
191 239 194 245 ‚
498 179 528 226 c.
546 178 642 227 rursu
660 177 809 229 oncrum

94 355 124 395 n.
134 353 167 387 ¹⁴⁷
180 342 233 395 est.
253 335 382 396 hederae
394 351 476 412 quam
490 332 707 412 chrysocarpon
724 330 933 411 appellavimus
950 332 1031 392 bacis
1053 333 1135 394 aurei

136 417 245 479 coloris
274 420 378 496 viginti
400 419 430 476 in
450 416 509 475 vini
530 417 660 477 sextario
681 417 777 492 tritis,
816 418 855 476 ita
877 425 908 476 ut
930 425 1005 476 ternu
1037 415 1134 492 cyathi

136 508 292 579 potentur,
309 520 409 579 aquam
426 517 499 578 quae
515 507 610 560 cutem
625 499 749 559 subierit
763 501 844 565 urina
861 499 958 560 educit
976 497 1135 559 Erasistra·

135 593 190 644 tus.
222 585 351 644 eiusdem
377 585 475 643 acinos
496 585 622 661 quinque
646 585 731 643 tritos
747 583 776 642 in
798 600 923 644 rosaceo
945 581 1014 642 oleo
1029 582 1135 643 calefa-

135 675 259 745 ctosque
271 670 301 729 in
316 669 427 729 cortice
442 668 538 745 punici
552 666 706 727 instillavit
716 665 844 726 dentium
861 666 956 726 dolori
980 683 996 725 a
1019 674 1158 725 contra-r

89 751 178 814 lenia
204 753 275 810 auri.
314 752 386 811 acini
413 752 460 828 qui
483 751 562 809 croci
588 768 685 809 sucum
708 748 816 810 habent
837 750 1015 828 praesumpti
1030 757 1134 827 potua

134 834 252 911 crapula
270 843 350 894 tutos
366 841 532 912 praestant,
548 836 619 893 item
634 834 802 910 sanguinem
816 835 997 893 exscreantis
1012 839 1062 891 aut
1074 840 1134 892 tor·

133 917 257 976 minibus
285 918 452 979 laborantis.
494 916 622 977 hederae
653 919 753 994 nigrae
782 917 964 978 candidiores
1002 915 1133 991 corymbi

133 1001 195 1077 poti
221 1001 331 1060 sterilis
350 1003 435 1060 etiam
455 1001 535 1060 viros
559 1001 675 1060 iaciant.
706 999 834 1059 inlinitur
849 1000 970 1060 decocta
982 1017 1133 1076 quaecum·

133 1099 190 1159 que
215 1085 245 1142 in
261 1085 328 1144 vino
358 1085 480 1145 omniurn
494 1083 622 1144 ulcerum
636 1084 755 1161 generi,
779 1084 890 1144 etiamsi
907 1081 1048 1143 cacoethe
1064 1084 1129 1142 sint.
1142 1105 1166 1146 ru

88 1174 123 1228 to
136 1164 253 1227 lacrima
279 1167 406 1228 hederae
434 1168 588 1246 psilotrum
610 1175 673 1244 est,
702 1166 939 1245 phthiriasimque
963 1164 1048 1226 tollit.
1077 1165 1133 1226 llus

133 1250 337 1329 cuiuscumque
365 1253 485 1328 generis
512 1251 597 1311 trium
614 1249 768 1327 digitornm
782 1259 867 1328 captu
885 1248 1079 1326 dysintericos
1102 1257 1132 1308 et

132 1332 227 1394 alvom
253 1337 337 1395 citam
359 1333 492 1394 emendat
513 1335 543 1394 in
560 1335 628 1394 vino
646 1342 763 1394 austero
779 1333 824 1393 bis
840 1332 887 1393 die
905 1342 999 1411 potus.
1032 1340 1061 1392 et
1076 1350 1132 1392 am·

132 1415 226 1476 bustis
242 1417 371 1478 inlinitur
388 1417 498 1478 utiliter
509 1436 572 1478 cum
587 1435 663 1478 cera.
681 1417 832 1494 denigrant
845 1415 978 1495 capillum
989 1414 1130 1493 corymbi.

132 1500 238 1560 radicis
255 1520 341 1561 sucus
360 1503 388 1561 in
405 1509 490 1561 aceto
505 1510 592 1579 potus
607 1509 708 1561 contra
719 1499 873 1578 phalangia
888 1499 1018 1583 prodest.
1045 1499 1128 1559 huius
1141 1521 1164 1560 aa

88 1592 125 1645 80
138 1599 255 1661 quoque
272 1585 344 1661 ligni
360 1602 432 1644 vaso
448 1583 596 1662 splenicos
610 1583 737 1643 bibentis
756 1586 850 1643 sanari
866 1585 991 1642 invenio.
1024 1589 1054 1642 et
1075 1585 1131 1643 acl·

131 1682 185 1725 nos
214 1674 335 1744 terunt,
357 1683 425 1727 mox
451 1666 622 1726 comburunt
645 1674 675 1725 et
698 1667 737 1725 ita
759 1666 881 1726 inlinunt
905 1666 1035 1726 ambusta
1050 1667 1130 1745 prius

132 1749 252 1826 perlusa
267 1765 339 1826 aqua
360 1749 459 1809 calida.
495 1757 561 1808 sunt
577 1751 624 1826 qui
641 1757 671 1808 et
686 1749 811 1809 incidant
831 1751 892 1810 suci
916 1752 1010 1827 gratia
1033 1766 1130 1827 eoque

131 1839 247 1891 utantur
263 1832 298 1892 ad
321 1833 416 1894 dentis
433 1849 555 1910 erosos,
578 1834 730 1910 frangique
749 1832 880 1910 tradunt,
897 1833 1045 1911 proxumis
1062 1850 1131 1892 cera

131 1916 248 1975 munitis
272 1934 308 1975 ue
339 1916 497 1976 laedantur.
529 1917 657 1975 cummim
680 1918 765 1976 etiam
788 1917 818 1976 in
844 1915 952 1977 hedera
978 1909 1163 1994 quaerunt,tt

131 2016 214 2075 quam
231 2018 269 2059 ex
282 2008 368 2060 aceto
383 1999 563 2060 utilissimam
577 1999 711 2060 dentibus
731 2000 909 2077 promittant.

87 2091 120 2145 81
197 2082 278 2161 (48.)
306 2082 408 2144 Graeci
424 2084 521 2144 vicino
536 2081 679 2143 vocabulo
698 2082 811 2142 cisthon
828 2081 975 2161 appellant
996 2081 1131 2142 lruticem

132 2166 271 2225 maiorem
286 2165 400 2243 thymo,
414 2166 494 2226 loliis
510 2167 603 2226 ocimi.
633 2164 690 2226 duo
706 2166 768 2224 eins
785 2183 913 2243 genera:
931 2164 985 2224 llos
1001 2164 1129 2225 masculo

131 2263 283 2324 rosaceus,
300 2251 424 2308 feminae
439 2249 531 2309 albus.
563 2249 647 2308 ambo
663 2256 787 2326 prosunt
800 2248 985 2324 dysintericis
1002 2255 1033 2306 et
1051 2247 1129 2308 solu-

132 2330 260 2390 tionibus
275 2334 387 2392 ventris
403 2335 432 2391 iu
448 2333 516 2393 vino
533 2340 651 2393 austero
667 2333 759 2391 ternis
774 2331 873 2411 digitis
898 2331 971 2391 llorc
994 2339 1081 2409 capto
1100 2340 1162 2391 etc

133 2413 268 2474 similiter
289 2414 335 2475 bis
358 2416 405 2475 die
422 2424 511 2495 poto,
527 2416 674 2476 ulceribus
695 2415 846 2475 veteribus
862 2423 892 2474 et
912 2413 1050 2474 ambustis
1065 2432 1129 2474 cum

132 2515 199 2557 cera
211 2506 242 2558 et
257 2516 312 2577 per
328 2518 361 2560 se
380 2501 440 2559 oris
456 2499 611 2560 ulceribus.
642 2500 695 2560 snb
714 2498 759 2558 his
782 2516 913 2559 maxume
934 2498 1061 2557 nascitur
1077 2495 1128 2572 hy-

87 2603 118 2640 se.
136 2600 159 2635 ιε
173 2582 327 2660 pocisthis‚
345 2601 428 2660 quam
442 2584 518 2645 inter
533 2583 638 2643 herbas
655 2583 788 2650 dicemus.

88 2675 123 2727 82
193 2666 275 2745 (49.)
306 2664 407 2727 cissos
425 2666 596 2743 erythranos
613 2667 650 2727 ah
665 2666 767 2726 iisdem
784 2664 947 2745 appellatur
958 2664 1059 2724 similis
1078 2664 1127 2724 he·

132 2747 232 2825 dorae,
248 2749 456 2809 coxendicibus
472 2750 550 2809 utilis
567 2769 583 2810 e
598 2751 666 2810 vino
682 2757 779 2828 potus,
793 2751 865 2809 iteua
875 2747 991 2824 lumbis,
1004 2756 1082 2808 tanta
1097 2749 1124 2807 vi
1135 2763 1159 2805 ao

132 2832 205 2890 acini
232 2833 450 2909 utsanguinem
471 2835 552 2892 urina
577 2833 715 2894 detrahat.
750 2834 820 2893 item
842 2832 1060 2893 chamaecisson
1078 2849 1127 2909 ap·

131 2913 241 2990 pellant
268 2913 404 2975 hederam
425 2932 483 2974 non
508 2915 690 2976 attollentem
712 2936 745 2977 se
770 2925 889 2978 aterna.
922 2923 952 2974 et
972 2914 1044 2975 haec
1058 2932 1126 2975 con·

132 3003 215 3055 tunsa
230 2996 259 3055 in
272 2998 340 3057 vino
360 2997 503 3058 acetabuli
522 3016 656 3058 mensura
677 2998 746 3059 lieni
769 3000 916 3076 medetur,
937 2997 1008 3058 lolia
1029 2997 1126 3057 ambu-

132 3079 185 3138 stis
200 3096 262 3138 cum
277 3082 408 3158 axungia.
455 3080 543 3142 milax
559 3099 691 3159 quoqne,
706 3084 753 3160 qui
764 3082 963 3161 anthophoros
977 3082 1125 3159 cognomi-

132 3169 230 3238 natur,
259 3162 471 3224 similitudinem
493 3164 621 3225 hederae
635 3164 739 3243 habet,
755 3165 936 3227 tenuioribus
951 3165 1039 3226 loliis.
1076 3182 1157 3225 coes

132 3262 231 3305 ronam
249 3264 287 3306 ex
303 3263 340 3307 eo
355 3247 458 3308 iactam
473 3250 565 3327 inpari
583 3249 718 3309 loliorum
730 3266 848 3309 numero
863 3250 942 3309 aiunt
954 3250 1058 3328 capitis
1073 3248 1125 3309 do·

89 3338 124 3394 83
135 3329 246 3390 loribus
263 3329 382 3391 mederi.
412 3327 532 3403 Quidam
547 3332 603 3394 duo
619 3350 729 3410 genera
739 3331 849 3392 milacis
865 3331 983 3393 dixere:
1001 3330 1124 3392 alterum

132 3413 327 3474 inmortalitati
354 3432 537 3493 proxumum*
552 3417 581 3475 in
606 3415 785 3476 convallibus
812 3416 913 3495 opacis
937 3415 1122 3476 scandentem
