2400 3840
323 214 402 260 usn.
418 211 508 260 aaron.
524 212 635 259 xxxn.
652 208 678 263 7.
694 205 839 272 (at-27.)
1025 201 1087 262 299

93 366 259 428 volneribus
280 366 482 427 efficacissime
504 366 634 445 prodest.
667 363 814 444 parotides
836 367 973 425 muricum
994 374 1088 424 testae

95 453 192 511 cinere
213 468 276 510 cum
291 449 378 509 melle
392 450 440 510 vel
455 449 672 525 conchyliorum
687 466 724 508 ex
737 448 830 507 mulso
846 457 990 509 curantur.

156 532 239 611 (26.)
261 532 394 593 Dentium
411 533 529 593 dolores
544 531 680 593 sedantur
700 531 815 592 ossibus
835 531 971 592 draconis
984 531 1085 590 marini
1096 541 1130 597 79

93 616 265 694 scariphatis
280 617 415 693 gingivis,
431 616 555 676 cerebro
569 617 717 677 caniculae
731 617 761 674 in
775 614 842 674 oleo
855 615 981 675 decocto
990 614 1088 675 adser-

69 709 234 779 uvamque,
258 708 287 758 ut
308 717 346 759 ex
366 717 402 759 eo
419 699 521 761 dentes
539 700 630 760 semel
648 718 722 761 anno
739 699 898 760 coluantur.
921 700 1088 778 pastinacae

92 800 209 864 quoque
226 781 307 842 radio
324 783 481 862 scariphari
499 785 633 861 gingivas
647 786 675 843 in
692 784 795 843 dolore
811 782 997 843 utilissimum.
1019 799 1087 841 con·

91 869 174 927 tritus
191 868 216 925 is
235 875 264 926 et
281 885 344 926 cum
358 866 510 927 helleboro
533 864 600 925 albo
620 867 716 927 inlitus
736 867 830 926 dantis
849 867 911 926 sine
932 865 1087 925 vexatione

91 949 223 1010 extrahit.
250 949 487 1011 salsamentorum
504 952 587 1009 etiam
603 950 684 1010 fictili
698 967 768 1010 vase
785 949 998 1010 combustorum
1016 949 1088 1008 cinis

92 1032 186 1094 addita
197 1033 286 1093 farina
299 1035 447 1093 marmoris
458 1035 533 1092 inter
543 1034 670 1094 remedia
683 1042 737 1092 est.
761 1043 790 1093 et
802 1033 885 1109 cybia
895 1042 995 1093 vetera
1009 1031 1085 1091 eluta
1096 1041 1131 1097 so

58 1120 120 1178 suin
135 1133 213 1177 novo
229 1134 317 1191 vase,
333 1116 399 1174 dein
416 1116 495 1191 trita,
512 1124 633 1193 prosunt
650 1115 809 1176 doloribus.
835 1134 928 1195 aeque
943 1115 1087 1195 prodesse

91 1201 224 1260 dicuntur
238 1199 360 1257 omnium
375 1198 611 1258 salsamentorum
632 1200 733 1276 spinae
755 1198 921 1259 combustae
943 1200 1087 1277 tritaeque

92 1291 121 1342 et
137 1281 245 1340 inlitae.
272 1280 450 1340 decocuntur
470 1290 499 1341 et
518 1298 605 1342 ranae
621 1280 752 1358 singulas
767 1282 796 1339 in
816 1283 892 1342 aceti
906 1281 1039 1357 heminis,
1057 1291 1088 1340 ut

91 1367 194 1426 dentes
209 1366 247 1423 ita
263 1363 412 1423 coluantur
425 1366 664 1441 contineaturque
680 1365 709 1423 in
723 1381 776 1424 ore
790 1382 886 1423 sucus.
909 1367 933 1424 si
946 1363 1088 1424 fastidium

91 1448 236 1523 obstaret,
260 1445 457 1523 suspendebat
486 1447 609 1524 pedibus
630 1447 841 1525 posterioribus
862 1464 912 1507 eas
934 1446 1087 1507 Sallustius

57 1531 255 1607 rubicundus,
270 1538 300 1589 ut
316 1548 353 1589 ex
370 1547 422 1589 ore
437 1532 516 1590 virus
533 1530 673 1590 deflueret
688 1532 716 1589 in
732 1539 844 1590 acetum
858 1530 986 1606 fervens,
1002 1530 1088 1608 idque

90 1633 107 1674 e
128 1614 258 1692 pluribus
280 1614 365 1678 ranis.
396 1613 564 1674 fortioribus
589 1613 745 1674 stomachis
769 1632 807 1673 ex
829 1615 890 1673 iure
913 1613 1088 1674 mandendas

90 1696 184 1773 dabat,
204 1696 419 1777 maxillarisque
435 1699 473 1758 ita
488 1699 581 1758 sanari
598 1699 756 1777 praecipue
768 1698 861 1757 dentis
875 1706 984 1776 putant,
997 1696 1087 1758 mobi-

90 1784 126 1842 lis
141 1797 213 1841 vero
234 1798 321 1859 supra
336 1781 413 1843 dicto
432 1791 517 1842 aceto
540 1781 671 1842 stabiliri.
702 1782 737 1842 ad
751 1781 809 1842 hoc
825 1781 937 1860 quidam
954 1798 1084 1842 ranarum
1096 1792 1129 1846 81

90 1882 216 1943 corpora
238 1863 366 1925 binarum
383 1866 524 1943 praecisis
545 1864 667 1945 pedibus
689 1867 716 1924 in
736 1866 796 1925 vini
816 1865 929 1925 hemina
943 1874 1089 1925 macerant

54 1960 80 2002 ao
92 1957 120 2008 et
140 1950 179 2007 ita
200 1948 276 2007 colui
298 1947 421 2007 dentium
443 1947 565 2008 labantis
586 1948 693 2009 iubent.
725 1948 813 2027 aliqui
834 1957 910 2008 totas
932 1948 1088 2024 adalligant

89 2030 223 2090 maxillis.
246 2029 295 2089 alii
312 2030 403 2090 denas
415 2032 444 2089 in
459 2033 593 2092 sextariis
607 2029 700 2090 tribus
721 2033 795 2090 aceti
811 2030 959 2090 decoxere
975 2030 1010 2089 ad
1030 2039 1087 2088 ter·
1180 2094 1183 2100 ,

89 2117 144 2173 tias
165 2115 255 2191 partis
276 2122 305 2172 ut
324 2113 437 2172 mobilis
461 2113 585 2173 dentium
611 2113 780 2174 stabilirent.
809 2132 865 2174 nee
886 2131 944 2172 non
962 2111 1088 2173 XXXVI

89 2213 220 2257 ranarum
241 2196 327 2256 eorda
355 2197 383 2254 in
403 2196 461 2256 olei
482 2199 590 2257 veteris
607 2199 734 2258 sextario
752 2196 805 2257 sub
823 2215 913 2257 aereo
935 2204 1011 2256 testo
1032 2195 1088 2255 dis·

92 2297 201 2340 coxere
222 2289 252 2339 ut
272 2280 453 2340 infunderent
468 2299 523 2358 per
535 2299 632 2341 aurem
642 2281 768 2341 dolentis
779 2281 923 2341 maxillae.
947 2279 1089 2340 aliiioeur

55 2381 179 2423 suranae
204 2363 355 2424 decoctum
387 2373 416 2423 et
441 2365 536 2423 tritum
565 2384 629 2424 cum
653 2365 739 2424 melle
765 2367 921 2442 inposuere
946 2362 1088 2424 dentibus.

91 2448 185 2506 omnia
202 2448 410 2524 suprascripta
429 2465 467 2505 ex
482 2449 588 2506 marina
604 2448 781 2509 eilicaciora.
810 2449 841 2506 Si
859 2449 964 2508 cariosi
982 2455 1010 2506 et
1024 2448 1084 2507 iae·
1096 2455 1130 2511 82

89 2528 140 2589 tidi
163 2538 241 2604 sunt,
267 2538 360 2588 cetum
382 2530 411 2587 in
434 2529 517 2588 iurno
541 2531 655 2589 arefieri
675 2549 729 2608 per
754 2539 870 2589 noctem
897 2530 1086 2607 praecipiunt,

91 2621 194 2689 postea
206 2612 369 2670 tantundem
383 2611 452 2671 salis
464 2612 528 2671 addi
541 2623 626 2690 atque
638 2615 676 2672 ita
692 2613 798 2673 irieari.
822 2612 958 2686 enhydris
967 2621 1088 2672 vocatur

92 2693 211 2755 Graecis
230 2693 348 2753 colubra
369 2696 397 2753 in
415 2712 488 2771 aqua
508 2695 620 2754 vivens.
646 2697 729 2755 huius
745 2704 880 2772 quattuor
901 2695 1025 2755 dentium
1041 2713 1086 2753 su·

56 2794 81 2837 ao
92 2777 256 2855 perioribus
271 2778 299 2834 in
314 2777 417 2836 dolore
433 2779 613 2856 superiorum
629 2780 763 2856 gingivas
780 2779 955 2856 scariphant,
971 2778 1087 2837 inienio·

90 2878 150 2919 rum
165 2859 359 2920 inferioribus.
391 2861 479 2940 aliqui
500 2863 600 2921 canino
620 2871 725 2921 tantum
750 2879 848 2921 earum
867 2863 993 2922 contenti
1013 2869 1086 2920 sunt.

89 2952 203 3003 utuntur
228 2954 257 3004 et
278 2961 447 3005 cancrorum
476 2947 589 3023 cinere,
617 2963 680 3005 nam
700 2945 837 3005 muricum
864 2947 935 3006 einis
960 2944 1088 3004 dentifri-

90 3029 162 3088 oium
180 3039 234 3089 est.

152 3111 236 3190 (27.)
258 3111 398 3172 Lichenas
415 3122 443 3172 et
459 3112 557 3190 lepras
573 3112 648 3173 tollit
663 3112 746 3191 adips
761 3113 842 3172 vituli
857 3112 972 3186 marini,
987 3127 1082 3169 mena-⁸
1095 3119 1129 3173 83

54 3213 149 3256 aarum
167 3196 239 3254 cinis
255 3212 317 3253 cum
337 3194 431 3254 mellis
453 3194 548 3255 obolis
566 3198 671 3270 ternis,
694 3197 775 3255 iecur
788 3198 956 3273 pastinacae
973 3193 1001 3251 in
1018 3192 1086 3252 oleo

90 3287 211 3355 coetum,
230 3277 416 3356 hippocampi
438 3287 484 3337 aut
505 3278 632 3357 delphini
647 3281 718 3338 cinis
736 3296 773 3336 ex
785 3295 859 3354 aqua
876 3276 982 3336 inlitus.
1007 3276 1086 3334 exul·

90 3361 266 3420 serationem
281 3361 364 3437 sequi
379 3359 469 3419 debet
485 3363 605 3437 curatio,
624 3379 698 3440 quae
711 3359 894 3439 perducitad
911 3360 1086 3418 cicatricem.

89 3443 203 3519 quidam
218 3443 346 3522 delphini
361 3445 389 3503 in
403 3443 483 3503 fictili
495 3453 605 3503 torrent
617 3444 711 3504 donec
725 3441 894 3522 pinguitudo
907 3441 1007 3502 similis
1019 3442 1087 3503 oleo
