2400 3840
139 173 200 234 204
491 184 519 230 c.
536 184 632 231 emm
647 183 797 232 suonam

1186 268 1196 325 t

139 341 200 400 lieri
216 340 283 405 dicit
298 339 457 414 Osthanes,
481 338 555 397 idem
577 339 682 397 amoris
705 346 774 416 potu
798 336 870 395 hirci
888 339 988 397 urinae
1011 339 1137 399 admixto

140 432 262 502 propter
278 423 423 483 fastidium
441 421 541 481 nardo.

96 517 147 572 257
213 505 297 584 (78.)
320 505 478 566 lniantihus
493 504 562 564 nihil
573 505 678 579 butyro
691 504 786 563 utilius
799 521 852 581 per
867 521 899 562 se
913 513 941 562 ct
956 520 1022 563 cunr
1038 505 1134 579 melle,
1194 570 1196 577 ,

139 592 268 668 privatim
282 599 310 649 ct
321 593 349 648 in
362 590 518 649 dentitione
533 597 562 647 et
575 588 610 647 ad
622 589 757 663 gingivas
769 586 844 646 etad
857 588 916 646 oris
927 587 1040 648 ulcera.
1058 587 1135 648 Dens
1194 584 1196 589 ’

40 732 44 740 ,
137 674 198 752 lupi
210 674 383 750 adalligatus
399 673 546 733 infantium
558 688 684 750 pavores
696 669 833 750 prohibet
844 670 1052 748 dentiendique
1063 687 1153 732 nor-s
1186 694 1196 791 p

138 756 203 832 bos,
219 757 297 835 qnod
313 765 342 815 et
359 756 446 835 pellis
459 756 556 833 lupina
574 763 709 831 praestat,
728 787 769 798 —-
783 753 885 813 dentes
902 755 1018 831 quidem
1038 773 1135 815 eorum
1188 788 1196 827 -,

136 841 260 900 maxumi
283 840 365 917 equis
381 856 496 916 quoque
518 838 664 914 adalligati
685 837 893 913 infatigabilem
912 855 1029 898 cursam
1053 832 1134 918 prae'·
1185 798 1193 873 Ι

138 933 215 983 stare
232 922 370 985 dicuntur.
385 955 428 968 —-
448 923 580 1000 leporum
604 921 730 998 coagulo
752 920 842 980 ubere
863 920 944 980 inlito
963 924 1077 983 sistitur
1097 924 1133 981 in
1191 998 1196 1005 1

95 1017 146 1070 258
158 1007 275 1065 fantium
290 1005 382 1065 alvos.
417 1005 504 1064 locur
524 1006 595 1064 asini
611 1006 735 1065 admixta
751 1005 865 1064 modice
882 1022 994 1084 panace
1015 1006 1133 1066 instilla·
1188 1012 1196 1069 ‚¹

138 1099 196 1148 tum
211 1091 240 1146 in
256 1106 289 1147 os
306 1106 322 1147 a
340 1087 532 1149 comitialibus
546 1087 654 1148 morbis
676 1097 704 1148 et
725 1088 787 1147 aliis
807 1088 923 1149 infantis
944 1098 1059 1167 tnetnr,
1080 1090 1160 1150 hoou
1194 1084 1196 1093 '

136 1172 185 1231 XL
201 1170 302 1232 diebus
319 1173 381 1232 lieri
396 1174 586 1253 praecipiunt.
619 1181 648 1231 et
664 1171 749 1250 pellis
772 1173 844 1231 asini
859 1174 965 1232 iniecta
981 1173 1133 1252 inpavidos
1194 1228 1196 1235 .

136 1256 250 1315 infantis
266 1257 345 1316 iacit.
376 1257 475 1317 dentes
492 1258 540 1335 qui
555 1258 638 1334 equis
654 1255 774 1334 primum
793 1255 898 1316 cadunt
911 1257 1030 1317 facilem
1047 1258 1132 1317 denti·
1193 1280 1196 1329 r

137 1342 244 1400 tionem
264 1349 413 1419 praestant
427 1340 580 1416 adalligati
602 1339 772 1415 infantibus,
797 1339 961 1415 ellicaoius,
984 1342 1009 1399 si
1028 1350 1132 1400 terrun
1193 1332 1196 1407 ἱ

101 1435 152 1490 259
162 1442 220 1483 non
235 1425 368 1500 attigere.
397 1425 467 1484 Lien
484 1424 607 1483 bubulus
618 1424 647 1481 in
660 1422 746 1481 melle
768 1431 796 1481 et
817 1423 899 1483 datur
915 1432 944 1482 et
958 1424 1088 1484 inlinitur
1101 1421 1132 1484 atl
1194 1442 1196 1453 ·

136 1508 219 1567 lienis
241 1507 377 1584 dolores,
402 1508 437 1568 ad
454 1508 551 1567 ulcera
566 1507 706 1566 manantia
723 1523 787 1564 cum
808 1507 894 1566 melle
903 1507 947 1565 **.
979 1506 1039 1568 lien
1055 1506 1158 1568 vituliu

136 1593 165 1649 in
184 1592 251 1650 rino
274 1591 414 1650 decoctus
434 1592 575 1668 tritusque
598 1599 627 1648 et
654 1589 750 1649 inlitus
771 1590 921 1649 ulcuscula
942 1592 1013 1650 oris.
1048 1590 1132 1652 Gere-
1194 1598 1196 1603 '

136 1673 218 1731 hrum
243 1691 350 1749 caprae
369 1674 447 1749 Magi
469 1691 522 1750 per
542 1672 654 1732 anulum
677 1691 794 1732 aureum
812 1683 933 1734 tractum
954 1676 1133 1755 priusquam

136 1756 182 1815 lac
206 1755 289 1813 detur
310 1754 465 1814 infantibus
489 1756 628 1815 instillant
651 1765 752 1816 contra
781 1757 932 1818 comitialis
958 1767 1133 1838 ceterosque

135 1838 283 1898 infantium
311 1837 438 1898 morbos.
478 1840 626 1916 caprinum
647 1839 741 1898 limum
768 1841 912 1918 inquietos
938 1840 1057 1901 infantis
1089 1840 1133 1902 ad·
1194 1860 1196 1883 =

136 1921 283 1998 alligatum
310 1939 405 2001 panno
429 1922 561 1998 cohibet,
589 1941 719 1981 maxume
745 1924 867 2001 puellas.
911 1925 990 1983 lacte
1016 1927 1160 2004 caprinott

137 2015 185 2065 aut
207 2004 331 2065 cerebro
352 2005 485 2085 leporum
502 2014 661 2085 perunctae
683 2006 819 2082 gingivae
843 2007 937 2067 facilis
960 2008 1133 2068 dentitiones
1190 2054 1193 2081 2

136 2089 254 2148 iaciunt.
1191 2090 1194 2105 ²

94 2183 146 2236 260
211 2172 295 2248 (79.)
318 2173 441 2232 Somnos
457 2173 519 2232 heri
539 2172 641 2250 lepore
656 2181 770 2249 sumpto
790 2172 818 2230 in
832 2173 905 2232 cibis
924 2172 996 2234 Cato
1015 2174 1133 2235 arbitra·

138 2254 230 2327 hatur,
249 2255 351 2331 volgus
375 2264 404 2313 et
417 2257 538 2331 gratiam
560 2256 677 2332 corpori
700 2256 729 2314 in
745 2253 826 2316 Vllll
842 2256 923 2333 dies,
944 2258 1053 2318 frivolo
1075 2259 1133 2337 qui-

138 2336 202 2395 dem
217 2339 293 2414 ioco,
310 2339 356 2396 cui
367 2346 461 2397 tamen
472 2338 568 2414 aliqua
580 2338 685 2397 debeat
701 2337 824 2398 subesse
835 2356 922 2400 causa
934 2342 962 2399 in
976 2349 1056 2400 tanta
1070 2356 1159 2419 per-u

138 2421 282 2480 suasione.
314 2421 391 2498 Magi
410 2421 479 2481 ielle
507 2439 628 2500 caprae,
659 2422 839 2481 sacrificatae
861 2423 1020 2499 dumtaxat,
1053 2425 1133 2485 inlito
1189 2448 1192 2453 ·

138 2505 230 2564 oculis
246 2505 294 2564 vel
310 2503 362 2563 snb
379 2505 496 2583 pulvino
512 2508 608 2583 posito
624 2522 753 2564 somnum
769 2505 855 2564 adlici
871 2506 976 2566 dicunt.
1010 2508 1133 2568 sudores

137 2587 246 2647 inhibet
261 2606 366 2648 cornus
380 2589 489 2667 caprini
504 2590 575 2648 cinis
592 2607 629 2648 ex
644 2597 756 2663 myrteo
774 2589 841 2648 oleo
860 2591 1019 2667 perunctis.

94 2680 145 2734 261
212 2672 296 2751 (80.)
319 2670 418 2732 (initus
430 2671 554 2731 stimulat
568 2671 609 2730 iel
628 2689 766 2749 aprunum
783 2673 910 2747 inlitum,
934 2674 1001 2732 item
1024 2674 1131 2735 medul-

136 2754 183 2812 lae
199 2773 279 2814 suum
295 2755 432 2830 banstae,
447 2754 547 2814 sebum
566 2757 703 2815 asininum
717 2757 828 2816 anseris
843 2757 963 2816 masculi
979 2756 1065 2834 adipe
1086 2757 1162 2818 aas

137 2837 225 2895 mixto
235 2838 353 2912 inlitum,
366 2838 434 2896 item
449 2857 465 2898 a
479 2839 555 2897 coitu
567 2841 633 2916 equi
647 2857 662 2897 a
677 2838 809 2915 Vergilio
825 2857 942 2917 quoqne
958 2839 1134 2919 descriptum

136 2918 215 2977 virus
236 2927 265 2977 et
286 2920 412 2979 testiculi
433 2921 531 2997 equini
551 2921 622 2980 aridi
644 2931 674 2980 ut
699 2924 808 3001 potioni
828 2924 912 2983 interi
933 2925 1047 3000 possint
1064 2924 1132 2984 dcx-

137 3010 219 3061 terve
236 3002 307 3060 asini
323 3004 405 3060 testis
420 3005 448 3061 in
463 3005 530 3062 vino
547 3014 633 3082 potus
648 3008 783 3083 portione
797 3005 845 3064 vel
860 3007 1034 3082 adalligatus
1048 3006 1133 3068 brac·

138 3084 238 3161 chiali,
261 3084 388 3144 eiusdem
410 3104 424 3145 a
448 3088 524 3145 coitu
541 3106 640 3165 spuma
661 3088 786 3148 collecta
808 3107 913 3149 russeo
929 3107 1024 3169 panno
1046 3100 1076 3150 ct
1093 3095 1133 3151 in·

94 3179 147 3235 262
159 3168 239 3229 clusa
255 3178 394 3245 argento,
410 3178 440 3228 nt
456 3169 598 3230 Osthanes
619 3173 713 3231 tradit.
743 3172 833 3250 Salpe
849 3175 976 3250 genitale
993 3175 1020 3232 in
1037 3175 1163 3236 oleumst

138 3254 256 3313 fervens
271 3253 363 3328 mergi
378 3252 456 3312 iubet
471 3255 600 3331 septiens
617 3273 712 3332 eoque
727 3260 869 3333 perungui
884 3259 1056 3337 pertinentis
1068 3277 1133 3337 par·

138 3339 185 3413 tis,
200 3337 320 3397 Bialcon
334 3338 460 3395 cinerem
475 3355 512 3395 ex
529 3338 631 3398 eodem
649 3337 707 3397 bibi
723 3339 771 3397 vel
792 3343 864 3399 tauri
887 3359 903 3400 a
919 3341 997 3400 coitu
1012 3343 1134 3417 urinam,

138 3419 198 3479 luto
216 3423 280 3498 ipso
298 3419 376 3479 inlini
394 3420 507 3498 pubem.
528 3431 571 3481 at
591 3440 608 3480 e
630 3421 746 3481 diverso
769 3425 856 3484 muris
871 3424 938 3484 limo
955 3422 1038 3484 inlito
1055 3426 1134 3485 cohi-
