2400 3840
286 219 366 266 nur.
382 219 472 267 urar.
490 220 572 267 xxv.
589 213 615 267 o.
630 213 655 267 o.
674 205 826 283 (aa-ao.)
1007 206 1047 266 79

54 375 109 448 cis,
130 373 265 449 spasticis
290 373 409 448 cynicis,
432 372 606 450 ischiadicis,
625 373 782 450 quartanis,
798 390 871 451 quae
887 371 972 432 aliter
989 390 1046 431 nou

55 456 200 530 desinant,
216 457 288 514 tussi
303 455 412 531 ¹ueteri,
430 455 638 532 inflationibus,
660 456 831 515 torminibus
847 455 1044 515 redeuntibus.

117 537 199 617 (25.)
222 538 331 598 V'etant
345 538 405 598 dari
423 539 553 615 senibus,
576 542 688 617 pueris,
701 541 773 598 'item
791 537 885 598 mollis
907 557 940 598 ao
961 540 1042 598 lemi·
1054 549 1086 603 61

56 624 103 681 nei
121 623 255 698 eorporis
270 623 404 698 animive,
425 622 551 682 exilibus
568 630 619 682 aut
634 624 757 698 teneris,
778 630 807 682 et
825 622 938 681 leminis
954 624 1045 682 miuus

35 723 141 782 aquam
157 706 239 781 viris,
264 707 333 764 itam
354 705 470 782 timidis,
493 713 541 765 aut
562 706 587 764 si
611 705 777 766 exulcerata
798 706 855 764 siut
875 705 1045 783 praecordia

56 787 104 846 vel
128 796 269 863 tumeant,
293 791 416 848 minume
437 790 605 865 sanguinem
630 789 849 849 exscrcantibus
869 791 1044 850 causariisve

56 870 167 946 latere,
190 871 328 930 faucibus.
362 872 494 931 medetur
519 880 602 930 extra
612 870 647 905 l*
669 873 821 950 corporis,
845 872 1046 950 eruptionibus

56 955 177 1031 pituitae
195 972 259 1013 cum
275 955 399 1030 axungia
422 955 498 1015 salsa
518 953 675 1031 inlinitum,
693 957 762 1015 item
779 955 978 1032 suppurationi
997 974 1046 1016 ve·

58 1038 123 1095 teri.
144 1039 231 1095 muris
243 1037 383 1115 polentae
393 1037 547 1097 admixtum
561 1047 654 1098 necat.
676 1037 747 1098 Galli
763 1040 882 1115 sagittas
897 1040 926 1097 in
941 1046 1046 1098 venatu

22 1137 47 1176 10
57 1119 212 1179 helleboro
229 1123 342 1197 tingunt
357 1122 586 1198 circumcisoque
603 1121 725 1181 volnere
745 1123 923 1182 teneriorem
944 1123 1045 1182 sentiri

57 1222 171 1263 carnem
183 1204 339 1263 adfirmant.
360 1222 475 1264 muscae
488 1213 605 1282 quoquc
618 1204 685 1264 albo
700 1213 839 1264 necantur
854 1206 922 1264 trito
939 1213 968 1264 et
984 1224 1047 1264 cum

56 1285 132 1346 lacte
150 1304 261 1363 sparso.
293 1286 397 1346 eodem
415 1296 446 1347 et
461 1287 628 1364 phthiriasis
644 1287 819 1347 emendatur.

119 1370 147 1429 6.
163 1366 245 1452 (26.)
264 1369 323 1448 Ipsi
336 1369 492 1430 Mithridati
505 1368 644 1430 Gratevas
661 1371 814 1448 adscripsit
828 1387 921 1445 unam,
932 1369 1043 1430 Mithri·
1054 1381 1088 1435 62

57 1453 161 1512 datiam
175 1461 287 1512 vocant.
318 1453 384 1513 huic
402 1454 473 1514 iulia
489 1453 544 1513 duo
560 1472 576 1512 a
592 1453 687 1514 radice
702 1452 823 1515 acantho
845 1454 959 1529 similia,
981 1471 1045 1512 cau-

21 1535 93 1594 ralis
116 1537 193 1595 iuter
217 1544 339 1615 utraque
363 1539 508 1597 sustinens
531 1554 647 1597 roseum
671 1537 780 1597 florem.
820 1535 901 1616 (27.)
924 1535 1043 1595 alteram
1054 1547 1089 1601 63

57 1618 201 1694 Lenaeus,
221 1620 379 1680 scordotim
397 1621 459 1680 sive
482 1621 629 1695 scordion,
646 1622 737 1700 ipsius
760 1638 842 1680 mauu
863 1618 1045 1697 adscriptam,

55 1701 251 1779 magnitudine
271 1703 404 1779 cubitali,
427 1704 633 1781 quadriangulo
656 1703 750 1780 caule,
773 1720 914 1764 ramosam
937 1720 1046 1782 querna

56 1785 253 1863 similitudine,
276 1787 354 1846 loliis
376 1786 565 1865 lanuginosis.
603 1790 749 1867 reperitur
765 1789 794 1847 in
810 1786 915 1863 Ponte,
938 1787 1044 1863 campis

56 1869 211 1946 pinguibus
228 1870 410 1948 umidisque,
422 1879 523 1947 gustus
540 1873 635 1931 amari.
669 1880 715 1932 est
731 1879 760 1931 et
775 1870 894 1930 alterius
914 1871 1045 1947 generis,

20 1951 209 2012 colaticribus
230 1952 321 2030 loliis,
338 1962 497 2014 mentastro
514 1955 626 2029 similis,
650 1955 854 2033 plurumosque
874 1961 994 2030 utraque
1010 1951 1045 2011 ad

56 2053 125 2094 usus
140 2052 195 2112 per
211 2055 244 2096 se
263 2045 292 2096 ct
310 2038 387 2096 iuter
402 2037 457 2097 alia
474 2039 502 2096 in
519 2038 663 2098 antidotis.

118 2116 199 2197 (28.)
221 2118 417 2180 Polemoniam
442 2120 488 2179 alii
507 2120 711 2182 Philetaeriam
732 2138 748 2179 a
765 2121 921 2179 certamine
942 2126 1088 2195 regum64

57 2203 232 2261 inventionis
247 2203 405 2281 appellant,
424 2201 612 2281 Cappadoces
627 2211 722 2265 autem
739 2202 986 2278 chiliodynamum,
1002 2219 1045 2261 ra-

57 2283 245 2363 dice'crassa,
258 2286 383 2346 exilibus
395 2288 480 2346 ramis
497 2287 599 2364 quibus
616 2290 644 2348 in
661 2289 775 2348 summis
792 2285 919 2360 corymbi
938 2283 1046 2364 depen-

22 2365 141 2444 asdent,
162 2370 246 2446 nigro
269 2372 390 2446 semine,
412 2378 514 2429 cetero
534 2379 616 2431 rutae
638 2371 750 2447 similis,
772 2371 897 2430 nascitur
918 2370 946 2429 in
966 2386 1045 2428 mon·

59 2452 159 2511 tuosis.

120 2535 202 2613 (29.)
221 2535 379 2614 Eupatoria
395 2554 511 2614 quoque
527 2540 638 2614 regiam
651 2539 852 2597 auctoritatem
866 2534 965 2612 habet,
980 2553 1044 2595 cau·
1054 2545 1088 2600 65

56 2617 93 2676 lis
110 2617 229 2696 lignosi,
246 2621 426 2697 nigricantis,
440 2620 554 2697 hirsuti,
569 2619 704 2680 cubitalis·
718 2629 747 2680 et
764 2619 916 2696 aliquando
927 2618 1045 2696 amplio-

56 2704 109 2777 ris,
127 2701 206 2761 ioliis
223 2720 276 2781 por
291 2702 443 2764 intervalla
458 2703 639 2781 quinquefoli
655 2711 703 2764 aut
717 2703 863 2777 cannabis,
880 2720 933 2781 per
948 2710 1045 2762 extre·

22 2785 162 2845 comitatis
188 2787 286 2845 incisis
305 2789 555 2865 quinquepertito,
577 2789 669 2865 nigris
688 2796 717 2847 et
739 2789 812 2867 ipsis
835 2786 1044 2865 plumosisque,

56 2867 154 2927 radice
172 2886 359 2946 supervacua.
391 2879 491 2931 semen
514 2871 698 2947 dysintericis
719 2874 748 2932 in
766 2873 832 2931 vino
849 2877 947 2948 potum
966 2870 1044 2928 auxi·

56 2950 140 3010 liatur
157 2953 248 3013 unice.
790 2968 792 2973 ·

118 3033 199 3114 (30.)
223 3035 379 3097 centaurio
406 3046 521 3098 curatus
546 3039 650 3099 dicitur
672 3037 796 3114 Chiron,
824 3055 887 3096 cum
908 3035 1041 3097 llerculis
1053 3045 1088 3100 66

57 3121 173 3196 excepti
196 3119 326 3197 hospitio
347 3123 534 3198 pertractanti
557 3140 633 3181 arma
655 3123 760 3200 sagitta
782 3121 940 3180 excidisset
961 3122 988 3180 ei
1016 3123 1045 3179 in

22 3220 47 3260 aa
56 3201 170 3280 pedem,
189 3220 278 3281 quare
295 3203 381 3282 aliqui
395 3202 553 3264 Chironion
568 3214 679 3266 vocant.
708 3205 777 3264 iolia
792 3212 858 3263 sunt
872 3204 929 3263 lata
945 3211 976 3262 et
995 3204 1045 3263 ob·

57 3285 155 3362 lunga,
171 3297 285 3348 serrato
304 3288 425 3363 ambitu,
445 3286 534 3346 densa
555 3288 590 3347 ab
613 3287 709 3348 radice
727 3287 825 3348 caules
840 3295 952 3347 ternum
967 3285 1045 3345 cubi-

57 3377 151 3428 torum
169 3372 334 3448 geniculati.
363 3373 393 3431 in
407 3371 452 3431 his
470 3372 564 3449 capita
580 3389 633 3431 ceu
647 3388 830 3449 papauerum.
857 3369 938 3429 radix
952 3377 1045 3442 vasta,

57 3451 229 3533 rubescens,
252 3463 351 3515 tenera
367 3454 549 3532 lragilisquc,
571 3453 606 3514 ad
623 3454 690 3515 bina
709 3453 824 3531 cubita,
839 3451 963 3512 madida
973 3466 1068 3519 suec,
